@article{LAGO2009,
	author = {{Allard}, D. and {Alvarez}, C. and {Asorey}, H. and {Barros}, H. and {Bertou}, X. and {Castillo}, M. and {Chirinos}, J.~M. and {De Castro}, A. and {Flores}, S. and {Gonzalez}, J. and {Gomez Berisso}, M. and {Grajales}, J. and {Guada}, C. and {Guevara Day}, W.~R. and {Ishitsuka}, J. and {Lopez}, J.~A. and {Martinez}, O. and {Melfo}, A. and {Meza}, E. and {Loza}, P.~M. and {Moreno Barbosa}, E. and {Murrugarra}, C. and {Nunez}, L.~A. and {Otiniano Ormachea}, L.~J. and {Perez}, G. and {Perez}, Y. and {Ponce}, E. and {Quispe}, J. and {Quintero}, C. and {Rivera}, H. and {Rosales}, M. and {Rovero}, A.~C. and {Saavedra}, O. and {Salazar}, H. and {Tello}, J.~C. and {Ticona Peralda}, R. and {Varela}, E. and {Velarde}, A. and {Villasenor}, L. and {Wahl}, D. and {Zamalloa}, M.~A.},
	title = "{The Large Aperture GRB Observatory}",
	journal = {ArXiv e-prints},
	archivePrefix = "arXiv",
	eprint = {0906.0816},
	primaryClass = "astro-ph.HE",
	keywords = {Astrophysics - High Energy Astrophysical Phenomena, Astrophysics - Cosmology and Extragalactic Astrophysics, Astrophysics - Instrumentation and Methods for Astrophysics},
	year = 2009,
	month = jun,
	adsurl = {http://adsabs.harvard.edu/abs/2009arXiv0906.0816A},
	adsnote = {Provided by the SAO/NASA Astrophysics Data System}
}

@article {TSY01a,
	author = {Tsyganenko, N. A.},
	title = {A model of the near magnetosphere with a dawn-dusk asymmetry 1. Mathematical structure},
	journal = {Journal of Geophysical Research: Space Physics},
	volume = {107},
	number = {A8},
	issn = {2156-2202},
	url = {http://dx.doi.org/10.1029/2001JA000219},
	doi = {10.1029/2001JA000219},
	pages = {SMP 12-1--SMP 12-15},
	keywords = {inner magnetosphere, geomagnetic field models, partial ring current, field-aligned currents, magnetopause},
	year = {2002},
}

@article {TSY01b,
	author = {Tsyganenko, N. A.},
	title = {A model of the near magnetosphere with a dawn-dusk asymmetry 2. Parameterization and fitting to observations},
	journal = {Journal of Geophysical Research: Space Physics},
	volume = {107},
	number = {A8},
	issn = {2156-2202},
	url = {http://dx.doi.org/10.1029/2001JA000220},
	doi = {10.1029/2001JA000220},
	pages = {SMP 10-1--SMP 10-17},
	keywords = {Magnetospheric Physics: Magnetosphere—inner, Magnetospheric configuration and dynamics, Numerical modeling, Ring current, inner magnetosphere, geomagnetic field models, partial ring current, field-aligned currents, magnetopause},
	year = {2002},
}

@article {QinTysWol2007,
	author = {Qin, Z. and Denton, R. E. and Tsyganenko, N. A. and Wolf, S.},
	title = {Solar wind parameters for magnetospheric magnetic field modeling},
	journal = {Space Weather},
	volume = {5},
	number = {11},
	issn = {1542-7390},
	url = {http://dx.doi.org/10.1029/2006SW000296},
	doi = {10.1029/2006SW000296},
	pages = {},
       	keywords = {magnetic field models, solar wind parameters},
	year = {2007},
}

@article {IGRF11,
	author = {International Association of Geomagnetism and Aeronomy, Working Group V-MOD},
	title = {International Geomagnetic Reference Field: the eleventh generation},
	journal = {Geophysical Journal International},
	volume = {183},
	number = {3},
	publisher = {Blackwell Publishing Ltd},
	issn = {1365-246X},
	url = {http://dx.doi.org/10.1111/j.1365-246X.2010.04804.x},
	doi = {10.1111/j.1365-246X.2010.04804.x},
	pages = {1216--1230},
	keywords = {Magnetic field, Satellite magnetics},
	year = {2010},
}

@article{SmartShea2005,
	title = "A review of geomagnetic cutoff rigidities for earth-orbiting spacecraft ",
	journal = "Advances in Space Research ",
	volume = "36",
	number = "10",
	pages = "2012 - 2020",
	year = "2005",
	note = "Solar Wind-Magnetosphere-Ionosphere Dynamics and Radiation Models ",
	issn = "0273-1177",
	doi = "http://dx.doi.org/10.1016/j.asr.2004.09.015",
	url = "http://www.sciencedirect.com/science/article/pii/S0273117705001997",
	author = "D.F. Smart and M.A. Shea",
	keywords = "Geomagnetic cutoff rigidition",
	keywords = "Earth-orbiting spacecraft",
	keywords = "Magnetic field",
	keywords = "Trajectory tracing ",
}

@article{MasiasDasso2014,
	author = {Mas\'{\i}as-meza, Jimmy J and et al.},
	file = {:media/now/Physics/Maestria/Proyecto/Referencias/masias-Dasso2014.pdf:pdf},
	keywords = {antarctica,cosmic rays,energetic particles,geomagnetism},
	mendeley-groups = {MasterArticles},
	pages = {41--47},
	title = {{Geomagnetic effects on cosmic ray propagation under different conditions for Buenos Aires and Marambio , Argentina}},
	journal = "Sun and Geosphere",
	volume = {9},
	year = {2014}
}

@article{AsoreyDasso2012,
	title = "The scaler mode in the Pierre Auger Observatory to study heliospheric modulation of cosmic rays ",
	journal = "Advances in Space Research ",
	volume = "49",
	number = "11",
       	pages = "1563 - 1569",
       	year = "2012",
     	note = "Advances in theory and observation of solar system dynamics - I ",
	issn = "0273-1177",
	doi = "http://dx.doi.org/10.1016/j.asr.2011.12.028",
       	url = "http://www.sciencedirect.com/science/article/pii/S0273117711008684",
	author = "S. Dasso and H. Asorey and For The Pierre Auger Collaboration",
	keywords = "Cosmic rays",
	keywords = "Cherenkov detectors",
       	keywords = "Particle detectors",
	keywords = "Interplanetary coronal mass ejections ",
}

@article {IGRF10,
	author = {International Association of Geomagnetism and Aeronomy (IAGA), Division V, Working Group VMOD: Geomagnetic Field Modeling},
	title = {The 10th-Generation International Geomagnetic Reference Field},
	journal = {Geophysical Journal International},
	volume = {161},
	number = {3},
	publisher = {Blackwell Science Ltd},
	issn = {1365-246X},
	url = {http://dx.doi.org/10.1111/j.1365-246X.2005.02641.x},
	doi = {10.1111/j.1365-246X.2005.02641.x},
	pages = {561--565},
	keywords = {geomagnetic field model, geomagnetic reference field, IGRF, secular variation},
	year = {2005}
}

@article{SmartShea2009,
	title = "Fifty years of progress in geomagnetic cutoff rigidity determinations ",
	journal = "Advances in Space Research ",
	volume = "44",
	number = "10",
	pages = "1107 - 1123",
	year = "2009",
	note = "Cosmic Rays From Past to Present ",
	issn = "0273-1177",
	doi = "http://dx.doi.org/10.1016/j.asr.2009.07.005",
	url = "http://www.sciencedirect.com/science/article/pii/S0273117709004815",
	author = "D.F. Smart and M.A. Shea",
	keywords = "Geomagnetic cutoff rigidity",
	keywords = "Cosmic rays",
	keywords = "Cosmic ray trajectory-tracing",
	keywords = "Geomagnetic field",
	keywords = "Cosmic ray radiation dose",
	keywords = "Cutoff rigidity calculation history "
}

@article{SmartEtAl2000,
	year={2000},
	issn={0038-6308},
	journal={Space Science Reviews},
	volume={93},
	number={1-2},
	doi={10.1023/A:1026556831199},
	title={Magnetospheric Models and Trajectory Computations},
	url={http://dx.doi.org/10.1023/A\%3A1026556831199},
	publisher={Kluwer Academic Publishers},
	author={Smart, D.F. and Shea, M.A. and Flückiger, E.O.},
	pages={305-333},
	language={English}
}

@article {BurtonEtAl1975,
	author = {Burton, R. K. and McPherron, R. L. and Russell, C. T.},
	title = {An empirical relationship between interplanetary conditions and Dst},
	journal = {Journal of Geophysical Research},
	volume = {80},
	number = {31},
	issn = {2156-2202},
	url = {http://dx.doi.org/10.1029/JA080i031p04204},
	doi = {10.1029/JA080i031p04204},
	pages = {4204--4214},
	year = {1975}
}

@Book {Grieder2001,
	title = "Cosmic rays at earth Researcher's Reference Manual and Data Book",
	author = "Grieder, P. K. F.",
	publisher = "Elsevier Science",
	address = "Institute of Physics University of Bern Bern Switzerland",
	year = "2001"
}

@Book{Grieder2010,
	Author = {Peter K. F. {Grieder}},
	Title = {{Extensive air showers. High energy phenomena 
		and astrophysical aspects. A tutorial, 
		reference manual and data book. Vol. I and 
			II.}},
	ISBN = {978-3-540-76940-8/hbk; 
		978-3-540-76941-5/ebook},
	Pages = {xxvii + 1113},
	Year = {2010},
	Publisher = {Berlin: Springer},
	Language = {English},
	DOI = {10.1007/978-3-540-76941-5},
	MSC2010 = {85-00 85A04 85A05 81V35},
	Zbl = {1187.85001},
	url = "http://www.springer.com/la/book/9783540769408"
}

@article {Forbush1937,
	author = "S. E. Forbush",
	title = "On the effects in the cosmic-ray intensity observed
		during recent magnetic storm",
	journal = "Physical Review",
	volume = "51",
	pages = "1108-1109",
	year = "1937"
}

@article{hess1912,
	author = "Hess, V. F.",
	title = "{\"U}ber Beobachtungen der durchdringenden Strahlung bei sieben Freiballonfahrten",
	journal = "Physikalische Zeitshrift",
	volume = "13",
	pages = "1084",
	year = "1912"
}

@article{ Occhialini1948,
	title = "Observations on the production of mesons by cosmic radiation.",
	volume = "162",
	url = "http://www.nature.com/doifinder/10.1038/171600a0",
	number = "4109",
	journal = "Nature",
	author = "G P S Occhialini and C F POWELL",
	year = "1948",
	pages = "168--173"
}



@ARTICLE{CTA2011,
	author = {{Actis}, M. and {Agnetta}, G. and {Aharonian}, F. and {Akhperjanian}, A. and 
		{Aleksi{\'c}}, J. and {Aliu}, E. and {Allan}, D. and {Allekotte}, I. and 
		{Antico}, F. and {Antonelli}, L.~A. and et al.},
	title = "{Design concepts for the Cherenkov Telescope Array CTA: an advanced facility for ground-based high-energy 
		gamma-ray astronomy}",
	journal = {Experimental Astronomy},
	archivePrefix = "arXiv",
	eprint = {1008.3703},
	primaryClass = "astro-ph.IM",
	keywords = {Ground based gamma ray astronomy, Next generation Cherenkov telescopes, Design concepts},
	year = 2011,
	month = dec,
	volume = 32,
	pages = {193-316},
	doi = {10.1007/s10686-011-9247-0},
	adsurl = {http://adsabs.harvard.edu/abs/2011ExA....32..193A},
	adsnote = {Provided by the SAO/NASA Astrophysics Data System}
}

@ARTICLE{HAWC2013,
	author = {{Zaborov}, D. and {for the HAWC collaboration}},
	title = "{The HAWC observatory as a GRB detector}",
	journal = {ArXiv e-prints},
	archivePrefix = "arXiv",
	eprint = {1303.1564},
	primaryClass = "astro-ph.HE",
	keywords = {Astrophysics - High Energy Astrophysical Phenomena},
	year = 2013,
	month = mar,
	adsurl = {http://adsabs.harvard.edu/abs/2013arXiv1303.1564Z},
	adsnote = {Provided by the SAO/NASA Astrophysics Data System}
}

@article{ Horandel2003,
	title = "On the knee in the energy spectrum of cosmic rays",
	journal = "Astroparticle Physics ",
	volume = "19",
	number = "2",
	pages = "193 - 220",
	year = "2003",
	note = "",
	issn = "0927-6505",
	doi = "http://dx.doi.org/10.1016/S0927-6505(02)00198-6",
	url = "http://www.sciencedirect.com/science/article/pii/S0927650502001986",
	author = "J{\"o}rg R. H{\"o}randel",
	keywords = "Cosmic rays",
	keywords = "Energy spectrum",
	keywords = "Knee",
	keywords = "Mass composition",
	keywords = "Air shower "
}

@article{Antonietal2005,
	title = "{KASCADE} measurements of energy spectra for elemental groups of cosmic rays: Results and open problems ",
	journal = "Astroparticle Physics ",
	volume = "24",
	number = "1-2",
	pages = "1-25",
	year = "2005",
	issn = "0927-6505",
	doi = "http://dx.doi.org/10.1016/j.astropartphys.2005.04.001",
	url = "http://www.sciencedirect.com/science/article/pii/S0927650505000691",
	author = "T. Antoni and et al"
}

@article{Greisen1966,
	title = {End to the Cosmic-Ray Spectrum?},
	author = {Greisen, Kenneth},
	journal = {Phys. Rev. Lett.},
	volume = {16},
	issue = {17},
	pages = {748--750},
	numpages = {0},
	year = {1966},
	month = {Apr},
	publisher = {American Physical Society},
	doi = {10.1103/PhysRevLett.16.748},
	url = {http://link.aps.org/doi/10.1103/PhysRevLett.16.748}
}

@ARTICLE{ZatsepinKuzmin1966,
	author = {{Zatsepin}, G.~T. and {Kuz'min}, V.~A.},
	title = "{Upper Limit of the Spectrum of Cosmic Rays}",
	journal = {Soviet Journal of Experimental and Theoretical Physics Letters},
	year = 1966,
	month = aug,
	volume = 4,
	pages = {78},
	adsurl = {http://adsabs.harvard.edu/abs/1966JETPL...4...78Z},
	adsnote = {Provided by the SAO/NASA Astrophysics Data System}
}

@article{Letessieretal2011,
	title = {Ultrahigh energy cosmic rays},
	author = {Letessier-Selvon, Antoine and Stanev, Todor},
	journal = {Rev. Mod. Phys.},
	volume = {83},
	issue = {3},
	pages = {907--942},
	numpages = {0},
	year = {2011},
	month = {Sep},
	publisher = {American Physical Society},
	doi = {10.1103/RevModPhys.83.907},
	url = {http://link.aps.org/doi/10.1103/RevModPhys.83.907}
}

@article{Boezio2012,
	title = "Chemical composition of galactic cosmic rays with space experiments ",
	journal = "Astroparticle Physics ",
	volume = "39 40",
	number = "0",
	pages = "95 - 108",
	year = "2012",
	issn = "0927-6505",
	doi = "10.1016/j.astropartphys.2012.05.007",
	url = "http://www.sciencedirect.com/science/article/pii/S0927650512001119",
	author = "Mirko Boezio and Emiliano Mocchiutti",
	keywords = "Cosmic rays",
	keywords = "Acceleration of particles",
	keywords = "Abundances",
	keywords = "Space vehicles"
}

@MastersThesis{SuarezDuran2011,
	title = "Instalaci\'on de un Detector Cherenkov de Agua para la Detecci\'on de Trazas de Rayos C\'osmicos a 956 metros sobre el nivel del mar",
	author = "Su\'arez-Dur\'an M.",
	school = "Universidad Industrial de Santander",
	year = "2011"
}

@article{Fermi1949,
	title = {On the Origin of the Cosmic Radiation},
	author = {Fermi ENRICO},
	journal = {Phys. Rev.},
	volume = {75},
	issue = {8},
	pages = {1169--1174},
	numpages = {0},
	year = {1949},
	month = {Apr},
	publisher = {American Physical Society},
	doi = {10.1103/PhysRev.75.1169},
	url = {http://link.aps.org/doi/10.1103/PhysRev.75.1169}
}

@inproceedings{Axford-Skadron1977,
	address = {Plovdiv, Bulgaria},
	author = {Axford, W. I. and Leer, E. and Skadron, G.},
	booktitle = {Proceedings of the 15th International Cosmic
	Ray Conference ICRC 1977},
	file = {:work/asoreyh/alexandria/mendeley/Axford, Leer,
	Skadron - 1977 - The acceleration of cosmic rays by shock
	waves.pdf:pdf},
	pages = {11, 132--137},
	title = {{The acceleration of cosmic rays by shock waves}},
	url = {http://adsabs.harvard.edu/full/1977ICRC...11..132A},
	year = {1977}
}

@inproceedings{Ahluwalia-etal2013,
	address = {Rio de Janeiro, Brasil},
	author = {H.S. Ahluwalia and and et al.},
	booktitle = {Proceedings of the 33rd International Cosmic
	Ray Conference ICRC 2013},
	pages = {4, 132--137},
	title = {A large Forbush decrease in May 2005},
	url = {http://www.cbpf.br/~icrc2013/papers/icrc2013-0798.pdf},
	year = {2013}
}

@article{CassamChenai2008,
	author = {Cassam-Chena\"{\i}, and et al},
	doi = {10.1086/588015},  	
	issn = {0004-637X},
	journal = {The Astrophysical Journal},
	month = jun,
	number = {2},
	pages = {1180--1197},
	title = {{Morphological Evidence for Azimuthal Variations
	of the Cosmic-Ray Ion Acceleration at the Blast Wave of
	SN 1006}},
	url = {http://stacks.iop.org/0004-637X/680/i=2/a=1180},
	volume = {680},
       	year = {2008}
}

@article{Hillas1984,
	author = {Hillas, A. M.},
	doi = {10.1146/annurev.aa.22.090184.002233},
	file = {:work/asoreyh/alexandria/mendeley/Hillas - The origin
	       	of ultra-high-energy cosmic rays.pdf:pdf},
	journal = {Annual Review of Astronomy and Astrophysics},
	keywords = {Cosmic Rays Physics and the Pierre Auger
	       	Observato},
	mendeley-tags = {Cosmic Rays Physics and the Pierre Auger
	       	Observato}, 
	pages = {425--444},
       	title = {{The origin of ultra-high-energy cosmic rays}},
	url = {http://adsabs.harvard.edu/full/1984ARA\&amp;A..22..425H},
	volume = {22},
	year = {1984}
}

@article{Penzias-Wilson1965,
	author = {Penzias, A. A. and Wilson, R. W.},
	doi = {10.1086/148307},
	file = {:work/asoreyh/alexandria/mendeley/Penzias, Wilson - 
		1965 - A Measurement of Excess Antenna Temperature at			4080 Mcs.pdf:pdf}, 
	issn = {0004-637X}, 
	journal = {The Astrophysical Journal},
	month = jul,
	pages = {419},
	title = {{A Measurement of Excess Antenna Temperature at 4080
		Mc/s.}},
	url = {http://adsabs.harvard.edu/doi/10.1086/148307},
	volume = {142},
	year = {1965}
}

@article{Komatsu2011,
	author = {Komatsu, E. and Smith, K. M. and Dunkley, J. and 
		Bennett, C. L. and Gold, B. and Hinshaw, G. and
		Jarosik, N. and Larson, D. and Nolta, M. R. and Page,
	       	L. and Spergel, D. N. and Halpern, M. and Hill, R. S. 
		and Kogut, A. and Limon, M. and Meyer, S. S. and
		Odegard, N. and Tucker, G. S. and Weiland, J. L. and
		Wollack, E. and Wright, E. L.},
	doi = {10.1088/0067-0049/192/2/18},
	file = {:work/asoreyh/alexandria/mendeley//Komatsu et al. -
		2010 - Seven-Year Wilkinson Microwave Anisotropy Probe
		(WMAP) Observations Cosmological 
		Interpretation.pdf:pdf},
	issn = {0067-0049},
	journal = {The Astrophysical Journal Supplement Series},
	keywords = {cosmic background radiation,cosmology,dark matter,
		early universe,observations,space},
	month = feb,
	number = {2},
	pages = {18},
	title = {{Seven-Year Wilkinson Microwave Anisotropy Probe
		(WMAP) Observations: Cosmological Interpretation}},
	url = {http://stacks.iop.org/0067-0049/192/i=2/a=18},
	volume = {192},
	year = {2011}
}

@article{Kneiskei-etal2004,
	author = {{T. M. Kneiske} and {T. Bretz} and {K. Mannheim}
	       	and {D. H. Hartmann}},
	title = {Implications of cosmological gamma-ray absorption},
	DOI = "10.1051/0004-6361:20031542",
	url = "http://dx.doi.org/10.1051/0004-6361:20031542",
	journal = {A\&A},
	year = 2004,
	volume = 413,
	number = 3,
	pages = "807-815",
	month =	"",
}

@article{Bethe-Heitler1934,
	author = {Bethe, H. and Heitler, W.},
	doi = {10.1098/rspa.1934.0140},
	file = {:work/asoreyh/alexandria/mendeley/Bethe, Heitler - 
		1934 - On the Stopping of Fast Particles and on the			Creation of Positive Electrons.pdf:pdf},
	issn = {1364-5021},
	journal = {Proceedings of the Royal Society A: Mathematical,
		Physical and Engineering Sciences},
	month = aug,
	number = {856},
	pages = {83--112},
	title = {{On the Stopping of Fast Particles and on the 
		Creation of Positive Electrons}},
	url = {http://rspa.royalsocietypublishing.org/cgi/doi/10.1098/rspa.1934.0140},
	volume = {146},
	year = {1934}
}

@phdthesis{Asorey-phd2012,
	author = {Asorey, H.},
	school = {Instituto Balseiro, Universidad Nacional de Cuyo,
		Comisi\'on Nacional de Energ\'{\i}a At\'omica},
	title = {{Los Detectores Cherenkov del Observatorio Pierre
		Auger y su Aplicaci\'on al Estudio de Fondos de
		Radiaci\'on}},
	type = {Tesis},
	year = {2012}
}

@article{Richardson-Wang-Burlaga-etal2004,
	title = "The solar wind in the outer heliosphere ",
	journal = "Advances in Space Research ",
	volume = "34",
	number = "1",
	pages = "150 - 156",
	year = "2004",
	note = "To the Edge of the Solar System and Beyond ",
	issn = "0273-1177",
	doi = "http://dx.doi.org/10.1016/j.asr.2003.03.066",
	url = "http://www.sciencedirect.com/science/article/pii/S0273117704003850",
	author = "J.D Richardson and C Wang and L.F Burlaga",
	keywords = "Outer heliosphere",
	keywords = "Solar wind",
	keywords = "Magnetic field",
	keywords = "Transient events "
}

@article {McComas-etal2003,
	author = {McComas, D. J. and Elliott, H. A. and Schwadron, N.
		A. and Gosling, J. T. and Skoug, R. M. and Goldstein,
		B. E.},
	title = {The three-dimensional solar wind around solar
		maximum},
	journal = {Geophysical Research Letters},
	volume = {30},
	number = {10},
	issn = {1944-8007},
	url = {http://dx.doi.org/10.1029/2003GL017136},
	doi = {10.1029/2003GL017136},
	pages = {n/a--n/a},
	year = {2003},
}

@article{Richardson2010,
	year={2010},
	issn={0038-0938},
	journal={Solar Physics},
	volume={264},
	number={1},
	doi={10.1007/s11207-010-9568-6},
	title={Near-Earth Interplanetary Coronal Mass Ejections
	During Solar Cycle 23 (1996-2009): Catalog and
	Summary of Properties},
	url={http://dx.doi.org/10.1007/s11207-010-9568-6},
	publisher={Springer Netherlands},
	keywords={Coronal mass ejections; Interplanetary 
	coronal mass ejections; Interplanetary magnetic field;
	Magnetic clouds; Solar wind plasma},
	author={Richardson, I.G. and Cane, H.V.},
	pages={189-237}
}

@article{Cane2000,
	year={2000},
	issn={0038-6308},
	journal={Space Science Reviews},
	volume={93},
	number={1-2},
	doi={10.1023/A:1026532125747},
	title={Coronal Mass Ejections and Forbush Decreases},
	url={http://dx.doi.org/10.1023/A\%3A1026532125747},
	publisher={Kluwer Academic Publishers},
	author={Cane, HilaryV.},
	pages={55-77},
	language={English}
}

@inproceedings{Asipenka-etal2009,
	address = {Lodz, Poland},
	author = {Asipenka, A. and et al.},
	booktitle = {Proceedings of the 31th International Cosmic
	Ray Conference ICRC 2009},
	title = {{Asymptotic longitudinal distribution of cosmic 
	ray variations in real time as the method of 
	interplanetary space diagnostic}},
	url = {http://www.nmdb.eu/sites/default/files/icrc1109.pdf},
	year = {2009}
}

@article{PierreAuger2004,
	title = "Properties and performance of the prototype
		instrument for the Pierre Auger Observatory ",
	journal = "Nuclear Instruments and Methods in Physics
		Research Section A: Accelerators, Spectrometers,
	Detectors and Associated Equipment ",
	volume = "523",
	number = "1-2",
	pages = "50 - 95",
	year = "2004",
	note = "",
	issn = "0168-9002",
	doi = "http://dx.doi.org/10.1016/j.nima.2003.12.012",
	url = "http://www.sciencedirect.com/science/article/pii/S0168900203033497",
	author = "J. Abraham and M. Aglietta and I.C. Aguirre and M.
		Albrow and D. Allard and I. Allekotte and P. Allison
		and J. Alvarez Muñiz and M.G. do Amaral and M.
		Ambrosio and L. Anchordoqui and R. Andrews and M.
		Anguiano and J.C. dos Anjos and C. Aramo and S.
		Argiro and K. Arisaka and J.C. Arteaga and S.
		Atulugama and M. Ave and G. Avila and R. Baggio and
		X. Bai and A.F. Barbosa and H.M.J. Barbosa and D.
		Barnhill and S.L.C. Barroso and P. Bauleo and J.
		Beatty and T. Beau and K.-H. Becker and J.A. Bellido
		and P. Bello and T. Bergmann and E. Berman and X.
		Bertou and P. Biermann and P. Billoir and R. Biral
		and H. Bluemer and M. Bohacova and E. Bollmann and
		C. Bonifazi and M. Boratav and A. Boselli and J.
		Brack and J.-M. Brunet and H. Bui-Duc and V. Cabrera
		and D.V. Camin and J.-N. Capdevielle and A. Carreño
		and N. Cartiglia and R. Caruso and L.A. de Carvalho
		and S. Casanova and E. Casimiro and A. Castellina
		and J. Castro and P.W. Cattaneo and L. Cazon and R.
		Cester and N. Chávez and D. Cheam and A. Chiavassa
		and J.A. Chinellato and M. Chiosso and A. Chou and
		J. Chye and A. Cillis and B. Civit and D. Claes and
		P.D.J. Clark and R.W. Clay and F. Cohen and A.
		Cordero and A. Cordier and E. Cormier and J. Cotzomi
		and U. Cotti and S. Coutu and C.E. Covault and A.
		Creusot and J.W. Cronin and M. Cuautle and S.
		Dagoret-Campagne and T. Dang-Quang and P. Da Silva
		and J. Darling and P. Darriulat and K. Daumiller and
		B.R. Dawson and L. de Bruijn and A. De Capoa and
		M.A.L. de Oliveira and V. de Souza and A. Della
		Selva and O. Deligny and J.C. Diaz and C. Dobrigkeit
		and J.C. D'Olivo and A. Dorofeev and M.T. Dova and
		A. Dye and M.A. DuVernois and R. Engel and L.N.
		Epele and P. Eschstruth and C.O. Escobar and A.
		Etchegoyen and P. Facal San Luis and A.C. Fauth and
		N. Fazzini and A. Fernández and A.M.J. Ferrero and
		B. Fick and A. Filevich and A. Filipčič and R. Fonte
		and W. Fulgione and E. Gámez and B. Garcia and C.A.
		Garcia and H. Geenen and H. Gemmeke and C.
		Germain-Renaud and P.L. Ghia and K. Gibbs and M.
		Giller and J. Gitto and H. Glass and M. Gómez
		Berisso and P.F. Gomez Vitale and J. González and J.
		González and D. Gora and A. Goodwin and P. Gouffon
		and V. Grassi and A.F. Grillo and C. Grunfeld and J.
		Grygar and F. Guarino and G. Guedes and C. Guerard
		and R. Gumbsheimer and J.L. Harton and F. Hasenbalg
		and D. Heck and J.M. Hernández and D. Hoffer and C.
		Hojvat and P. Homola and M. Horvat and M. Hrabovsky
		and A. Insolia and S. Jaminion and Y. Jerónimo and
		L. Jiang and M. Kaducak and K.-H. Kampert and B.
		Keilhauer and E. Kemp and H. Klages and M. Kleifges
		and J. Kleinfeller and J. Knapp and A. Kopmann and
		N. Kunka and M. Kutschera and C. Lachaud and M.
		Lapolla and A. Letessier-Selvon and I. Lhenry-Yvon
		and J. Lloyd-Evans and R. López and A. Lopez Aguera
		and M. Lucano and R. Luna and Y. Ma and M.E.
		Manceñido and P.F. Manfredi and L. Manhaes and P.
		Mantsch and A.G. Mariazzi and M.J. Markus and G.
		Martin and O. Martineau and J. Martinez and N.
		Martinez and O. Martı́nez and H.-J. Mathes and J.A.J.
		Matthews and J. Matthews and G. Matthiae and E.
		Marques and P. Matussek and G. Maurin and D.
		Maurizio and P. Mazur and T. McCauley and M. McEwen
		and R.R. McNeil and C. Medina and M.C. Medina and G.
		Medina-Tanco and D. Melo and M. Melocchi and E.
		Menichetti and A. Menshikov and F. Meyer and R.
		Meyhandan and J.C. Meza and G. Miele and W. Miller
		and M. Mohammed and D. Monnier-Ragaigne and C.
		Morello and E. Moreno and M. Mostafa and R. Mussa
		and H. Nassini and G. Navarra and L. Nellen and F.
		Nerling and C. Newman-Holmes and D. Nicotra and S.
		Nigro and D. Nitz and H. Nogima and D. Nosek and M.
		Nuñez and T. Ohnuki and A. Olinto and S.
		Ostaptchenko and M. Palatka and G. Parente and E.
		Parizot and E.H. Pasaye and N. Pastrone and M. Patel
		and T. Paul and I. Pedraza and J. Pekala and R.
		Pelayo and I.M. Pepe and A. Pérez-Lorenzana and L.
		Perrone and N. Peshman and S. Petrera and P.
		Petrinca and D. Pham-Ngoc and P. Pham-Trung and T.
		Pierog and O. Pisanti and N. Playez and E. Ponce and
		T.A. Porter and L. Prado Junior and P. Privitera and
		M. Prouza and C.L. Pryke and J.B. Rafert and G. Raia
		and S. Ranchon and L. Ratti and D. Ravignani and V.
		Re and H.C. Reis and S. Reucroft and B. Revenue and
		M. Richter and J. Ridky and A. Risi and M. Risse and
		V. Rizi and M.D. Roberts and C. Robledo and G.
		Rodriguez and J. Rodriquez and J. Rodriquez Martino
		and S. Román and L. Rosa and M. Roth and A.C. Rovero
		and H. Salazar and G. Salina and F. Sanchez and M.
		Santander and L.G. dos Santos and R. Sato and P.
		Schovanek and V. Scherini and S.J. Sciutto and G.
		Sequeiros-Haddad and R.C. Shellard and E. Shibuya
		and F.V. Siguas and W. Slater and N. Smetniansky-De
		Grande and K. Smith and G.R. Snow and P. Sommers and
		C. Song and H. Spinka and F. Suarez and T.
		Suomijärvi and D. Supanitsky and J. Swain and Z.
		Szadkowski and A. Tamashiro and G.J. Thornton and T.
		Thouw and R. Ticona and W. Tkaczyk and C.J. Todero
		Peixoto and A. Tripathi and G. Tristram and M.
		Trombley and D. Tscherniakhovski and P. Tuckey and
		V. Tunnicliffe and M. Urban and C. Uribe Estrada and
		J.F. Valdés and A. Vargas and C. Vargas and R.
		Vazquez and D. Veberič and A. Veiga and A. Velarde
		and F. Vernotte and V. Verzi and M. Videla and C.
		Vigorito and L.M. Villaseñor and M. Vlcek and L.
		Voyvodic and T. Vo-Van and T. Waldenmaier and P.
		Walker and D. Warner and A.A. Watson and Ch.
		Wiebusch and G. Wieczorek and B. Wilczynska and H.
		Wilczynski and N.R. Wild and T. Yamamoto and E. Zas
		and D. Zavrtanik and M. Zavrtanik and A. Zepeda and
		C. Zhang and Q. Zhu",
	keywords = "Ultra high energy cosmic rays",
	keywords = "Auger Observatory",
	keywords = "Extensive air showers ",
	abstract = "Construction of the first stage of the Pierre
		Auger Observatory has begun. The aim of the
		Observatory is to collect unprecedented information
		about cosmic rays above 1018\&#xa0;eV. The first
		phase of the project, the construction and operation
		of a prototype system, known as the engineering
		array, has now been completed. It has allowed all of
		the sub-systems that will be used in the full
		instrument to be tested under field conditions. In
		this paper, the properties and performance of these
		sub-systems are described and their success
		illustrated with descriptions of some of the events
		recorded thus far. "
}

@article{KASKADE2003,
	title = {The cosmic-ray experiment {KASCADE}},
	journal = "Nuclear Instruments and Methods in Physics
	Research Section A: Accelerators, Spectrometers, Detectors
       	and Associated Equipment ",
	volume = "513",
	number = "3",
	pages = "490 - 510",
	year = "2003",
	note = "",
	issn = "0168-9002",
	doi = "http://dx.doi.org/10.1016/S0168-9002(03)02076-X",
	url = "http://www.sciencedirect.com/science/article/pii/S016890020302076X",
	author = "T Antoni and et al",
	keywords = "Extensive air shower detector",
	keywords = "Cosmic-ray detection "
}
@ARTICLE{KASCADE-Grande2005,
	author = {{KASCADE-Grande Collaboration - A.~Haungs} and
	{Apel}, W.~D. and {Badea}, A.~F.}, 
 	title = "{Investigating the 2nd knee: The KASCADE-Grande
	experiment}",
	journal = {ArXiv Astrophysics e-prints},
	eprint = {astro-ph/0508286},
	keywords = {Astrophysics},
	year = 2005,
	month = aug,
	adsurl = {http://adsabs.harvard.edu/abs/2005astro.ph..8286K},
	adsnote = {Provided by the SAO/NASA Astrophysics Data
	System}
}

@article{Parker1965,
	title = "The passage of energetic charged particles through
		interplanetary space ",
	journal = "Planetary and Space Science ",
	volume = "13",
	number = "1",
	pages = "9-49",
	year = "1965",
	note = "",
	issn = "0032-0633",
	doi = "http://dx.doi.org/10.1016/0032-0633(65)90131-5",
	url = "http://www.sciencedirect.com/science/article/pii/0032063365901315",
	author = "E.N. Parker"
}

@article{Chapman1957,
	title = "Notes on the solar corona and the terrestrial
		ionosphere",
	journal = "Smithsonian Institution",
	volume = "2",
	number = "1",
	year = "1957",
	url = "http://www.sil.si.edu/smithsoniancontributions/Astrophysics/pdf\_hi/SCAS-0003.pdf",
	author = "Sydney Chapman"
}

@book{HeliophysicsVol1,
	editor = "Carolus J. Schrijver and George L. Siscoe",
	title = {Heliophysics: Plasma Physics of the Local Cosmos}, 
	publisher = {Cambridge University Press}, 
	year = {2009},
	isbn = {9781107340657}, 
	note = {Cambridge Books Online},
	pages = {225-255},
	url ={http://dx.doi.org/10.1017/CBO9781107340657}
}

@ARTICLE{Parker1958,
	author = {{Parker}, E.~N.},
	title = "{Dynamics of the Interplanetary Gas and Magnetic 
		Fields.}",
	journal = {The Astrophysical Journal},
  	year = 1958,
	month = nov,
	volume = 128,
	pages = {664},
	doi = {10.1086/146579},
	url = {http://adsabs.harvard.edu/abs/1958ApJ...128..664P},
	adsnote = {Provided by the SAO/NASA Astrophysics Data System}
}

@article{Sheeley-etal1997,
	author={N. R. Sheeley and Y.-M. Wang and S. H. Hawley and
		G. E. Brueckner and K. P. Dere and R. A. Howard
		and M. J. Koomen and C. M. Korendyke and D. J. 
		Michels and S. E. Paswaters and D. G. Socker and 
		O. C. St. Cyr and D. Wang and P. L. Lamy and A.
		Llebaria and R. Schwenn and G. M. Simnett and S. 
		Plunkett and D. A. Biesecker},
	title={Measurements of Flow Speeds in the Corona Between 2
	       	and 30 R},
	journal={The Astrophysical Journal},
	volume={484},		  
	number={1},
	pages={472},
	url={http://stacks.iop.org/0004-637X/484/i=1/a=472},
	year={1997}
}

@book{IntroSpacePhysics1995,
	title={Introduction to Space Physics},
	author={Kivelson, M.G. and Russell, C.T.},
	isbn={9780521457149},
	lccn={94019084},
	series={Cambridge atmospheric and space
		science series},
	url={http://bit.ly/1sVv175},
	year={1995},
	publisher={Cambridge University Press}
}

@article{C-Sauty-etal2005,
	author = {{C. Sauty} and {J. J. G. Lima} and {N.Iro} and 
		{K. Tsinganos}},
	title = {Nonradial and nonpolytropic astrophysical 
		outflows},
	DOI= "10.1051/0004-6361:20041606",
	url= "http://dx.doi.org/10.1051/0004-6361:20041606",
	journal = {A\&A},
	year = 2005,
	volume = 432,
	number = 2,
	pages = "687-698",
	month = "",
}

@article{TTVonRosenvinge-etal1995,
	year={1995},
	issn={0038-6308},
	journal={Space Science Reviews},
	volume={71},
	number={1-4},
	doi={10.1007/BF00751329},
	title={The Energetic Particles: Acceleration, Composition,
		and Transport (EPACT) investigation on the WIND 
		spacecraft},
	url={http://dx.doi.org/10.1007/BF00751329},
	publisher={Kluwer Academic Publishers},
	author={Von Rosenvinge, T.T. and Barbier, L.M. and Karsch,
		J. and Liberman, R. and Madden, M.P. and Nolan, T.
		and Reames, D.V. and Ryan, L. and Singh, S.
		and Trexel, H. and Winkert, G. and Mason,
		G.M. and Hamilton, D.C. and Walpole, P.},
	pages={155-206},
	language={English}
}

@incollection{Macmillan-Encyclopedia2011,
	year={2011},
	isbn={978-90-481-8701-0},
	booktitle={Encyclopedia of Solid Earth Geophysics},
	series={Encyclopedia of Earth Sciences Series},
	editor={Gupta, HarshK.},
	doi={10.1007/978-90-481-8702-7\_115},
	title={Geomagnetic Field, Global Pattern},
	url={http://dx.doi.org/10.1007/978-90-481-8702-7\_115},
	publisher={Springer Netherlands},
	author={Macmillan, Susan},
	pages={373-379},
	language={English}
}

@incollection{Busse-Encyclopedia2011,
	year={2011},
	isbn={978-90-481-8701-0},
	booktitle={Encyclopedia of Solid Earth Geophysics},
	series={Encyclopedia of Earth Sciences Series},
	editor={Gupta, HarshK.},
	doi={10.1007/978-90-481-8702-7_103},
	title={Geomagnetic Field, Theory},
	url={http://dx.doi.org/10.1007/978-90-481-8702-7\_103},
	publisher={Springer Netherlands},
	author={Busse, FriedrichH.},
	pages={394-401},
	language={English}
}

@incollection{Ulrich-Encyclopedia2011,
	year={2011},
	isbn={978-90-481-8701-0},
	booktitle={Encyclopedia of Solid Earth Geophysics},
	series={Encyclopedia of Earth Sciences Series},
	editor={Gupta, HarshK.},
	doi={10.1007/978-90-481-8702-7_38},
	title={Core Dynamo},
	url={http://dx.doi.org/10.1007/978-90-481-8702-7\_38},
	publisher={Springer Netherlands},
	author={Christensen, UlrichR.},
	pages={55-63},
	language={English}
}

@incollection{Korte-Encyclopedia2011,
	year={2011},
	isbn={978-90-481-8701-0},
	booktitle={Encyclopedia of Solid Earth Geophysics},
	series={Encyclopedia of Earth Sciences Series},
	editor={Gupta, HarshK.},
	doi={10.1007/978-90-481-8702-7_112},
	title={Geomagnetic Field, Secular Variation},
	url={http://dx.doi.org/10.1007/978-90-481-8702-7\_112},
	publisher={Springer Netherlands},
	author={Korte, Monika},
	pages={394-394},
	language={English}
}



@article{Swarm2006,
	year={2006},
	issn={1343-8832},
	journal={Earth, Planets and Space},
	volume={58},
	number={4},
	doi={10.1186/BF03351933},
	title={Swarm: A constellation to study the Earth's
	       	magnetic field},
	url={http://dx.doi.org/10.1186/BF03351933},
	publisher={Springer-Verlag},
	keywords={Geomagnetism; magnetic field mission; Swarm 
		satellites},
	author={Friis-Christensen, E. and L{\"u}hr, H. and 
		Hulot, G.},
	pages={351-358},
	language={English}
}

@article{Charbonneau-lrsp2010-3,
	title    = {Dynamo Models of the Solar Cycle},
	author   = {Paul Charbonneau},
	journal  = {Living Reviews in Solar Physics},
	year     = {2010},
	number   = {3},
	volume   = {7},
	keywords = {Magnetic fields, Solar cycle, Solar 
		activity, Dynamo},
	doi      = {10.12942/lrsp-2010-3},
	url      = {http://www.livingreviews.org/lrsp-2010-3}
}

@article {Woodfiel-etal2007,
	author = {Woodfield, E. E. and Dunlop, M. W. and Holme,
		R. and Davies, J. A. and Hapgood, M. A.},
	title = {A comparison of Cluster magnetic data with the
		Tsyganenko 2001 model},
	journal = {Journal of Geophysical Research: Space
		Physics},
	volume = {112},
	number = {A6},
	issn = {2156-2202},
	url = {http://dx.doi.org/10.1029/2006JA012217},
	doi = {10.1029/2006JA012217},
	pages = {n/a--n/a},
	keywords = {cluster, Tsyganenko},
	year = {2007},
}

@article {Stormer1955,
	author = {Carl St\"ormer},
	title = "{The polar aurora. By Carl St\"ormer. Oxford
		University Press, 1955. Pp. xvii, 403; 216
		Figs., 27 Tables. 55s}",
	journal = "{Quarterly Journal of the Royal
		Meteorological Society}",
	volume = {82},
	number = {351},
	publisher = "{John Wiley \& Sons, Ltd}",
	issn = {1477-870X},
	url = {http://dx.doi.org/10.1002/qj.49708235123},
	doi = {10.1002/qj.49708235123},
	pages = {115--115},
	year = {1956},
}

@article{Auger-etal1938,
	author = {Auger, P and Maze, R. and Grivet-Meyer, T.},
	journal = {Comptes Rendus},
	pages = {1721--1723},
	title = {{Grandes gerbes cosmiques atmosh\`{e}riques 
		contenant des corpuscules 
		ultrap\`{e}n\'{e}trants}},
	url = {http://gallica.bnf.fr/ark:/12148/bpt6k3158p/f1721.image},
	volume = {206},
	year = {1938}
}

@book{Gaisser1990,
	author = {Gaisser, TK},
	isbn = {9780521339315},
	keywords = {Cosmic Rays Physics and the Pierre Auger 
		Observato},
	mendeley-tags = {Cosmic Rays Physics and the Pierre 
		Auger Observato},
	pages = {279},
	publisher = {Cambridge University Press},
	title = {{Cosmic rays and particle physics}},
	url = {http://books.google.com.ar/books?id=qJ7Z6oIMqeUC},
	year = {1990}
}

@article{Chapman1931,
	author = {Chapman, S},
	doi = {10.1088/0959-5309/43/1/305},
	issn = {0959-5309},
	journal = {Proceedings of the Physical Society},
	month = jan,
	number = {1},
	pages = {26--45},
	title = {{The absorption and dissociative or ionizing 
		effect of monochromatic radiation in an 
		atmosphere on a rotating earth}},
	url = {http://stacks.iop.org/0959-5309/43/i=1/a=305},
	volume = {43},
	year = {1931}
}

@inproceedings{Grieder1979a,
	address = {Tokyo, Japan},
	author = {Grieder, P. K. F.},
	booktitle = {Proceedings of the 16th International 
		Cosmic Ray Conference ICRC 1979},	
	pages = {178--183},
	title = {{Average Development and Properties of the 
		Hadronic Muonic and Electromagnetic Components
		in Showers of 10**4 to 10**7 GEV Derived from 
		AN All-Component Calculation}},
	url = {http://adsabs.harvard.edu/abs/1979ICRC....9..178G},
	volume = {9},
	year = {1979}
}

@article{Erber1966,
	author = {Erber, Thomas},
	doi = {10.1103/RevModPhys.38.626},
	issn = {0034-6861},
	journal = {Reviews of Modern Physics},
	month = oct,
	number = {4},
	pages = {626--659},
	title = {{High-Energy Electromagnetic Conversion 
		Processes in Intense Magnetic Fields}},
	url = {http://link.aps.org/doi/10.1103/RevModPhys.38.626},
	volume = {38},
	year = {1966}
}
@article{Stanev1997,
	author = {Stanev, Todor},
	doi = {10.1103/PhysRevD.55.1365},
	issn = {0556-2821},
	journal = {Physical Review D},
	month = feb,
	number = {3},
	pages = {1365--1371},
	title = {{Nature of the highest energy cosmic rays}},
	url = {http://link.aps.org/doi/10.1103/PhysRevD.55.1365},
	volume = {55},
	year = {1997}
}

@article{Abraham2009,
	author = {Abraham, J. and Abreu, P. and Aglietta, M. and Aguirre, C. and Ahn, E.J. and Allard, D. and Allekotte, I. and Allen, J. and Allison, P. and Alvarez-Mu\~{n}iz, J. and Ambrosio, M. and Anchordoqui, L. and Andringa, S. and Anzalone, A. and Aramo, C. and Argir\'{o}, S. and Arisaka, K. and Arneodo, F. and Arqueros, F. and Asch, T. and Asorey, H. and Assis, P. and Aublin, J. and Ave, M. and Avila, G. and B\"{a}cker, T. and Badagnani, D. and Barber, K.B. and Barbosa, A.F. and Barroso, S.L.C. and Baughman, B. and Bauleo, P. and Beatty, J.J. and Beau, T. and Becker, B.R. and Becker, K.H. and Bell\'{e}toile, A. and Bellido, J.A. and BenZvi, S. and Berat, C. and Bernardini, P. and Bertou, X. and Biermann, P.L. and Billoir, P. and Blanch-Bigas, O. and Blanco, F. and Bleve, C. and Bl\"{u}mer, H. and Boh\'avcov\'{a}, M. and Bonifazi, C. and Bonino, R. and Brack, J. and Brogueira, P. and Brown, W.C. and Bruijn, R. and Buchholz, P. and Bueno, A. and Burton, R.E. and Busca, N.G. and Caballero-Mora, K.S. and Caramete, L. and Caruso, R. and Carvalho, W. and Castellina, A. and Catalano, O. and Cazon, L. and Cester, R. and Chauvin, J. and Chiavassa, A. and Chinellato, J.A. and Chou, A. and Chudoba, J. and Chye, J. and Clay, R.W. and Colombo, E. and Conceiw{c}\~{a}o, R. and Connolly, B. and Contreras, F. and Coppens, J. and Cordier, A. and Cotti, U. and Coutu, S. and Covault, C.E. and Creusot, A. and Criss, A. and Cronin, J. and Curutiu, A. and Dagoret-Campagne, S. and Daumiller, K. and Dawson, B.R. and de Almeida, R.M. and {De Domenico}, M. and {De Donato}, C. and de Jong, S.J. and {De La Vega}, G. and de Mello, W.J.M. and {de Mello Neto}, J.R.T. and {De Mitri}, I. and de Souza, V. and Decerprit, G. and del Peral, L. and Deligny, O. and {Della Selva}, A. and {Delle Fratte}, C. and Dembinski, H. and {Di Giulio}, C. and Diaz, J.C. and Diep, P.N. and Dobrigkeit, C. and D’Olivo, J.C. and Dong, P.N. and Dornic, D. and Dorofeev, A. and dos Anjos, J.C. and Dova, M.T. and D’Urso, D. and Dutan, I. and DuVernois, M.A. and Engel, R. and Erdmann, M. and Escobar, C.O. and Etchegoyen, A. and {Facal San Luis}, P. and Falcke, H. and Farrar, G. and Fauth, A.C. and Fazzini, N. and Ferrer, F. and Ferrero, A. and Fick, B. and Filevich, A. and Filip\v{c}i\v{c}, A. and Fleck, I. and Fliescher, S. and Fracchiolla, C.E. and Fraenkel, E.D. and Fulgione, W. and Gamarra, R.F. and Gambetta, S. and Garc\'{\i}a, B. and {Garc\'{\i}a G\'{a}mez}, D. and Garcia-Pinto, D. and Garrido, X. and Gelmini, G. and Gemmeke, H. and Ghia, P.L. and Giaccari, U. and Giller, M. and Glass, H. and Goggin, L.M. and Gold, M.S. and Golup, G. and {Gomez Albarracin}, F. and {G\'{o}mez Berisso}, M. and Gon\c{c}alves, P. and {Gon\c{c}alves do Amaral}, M. and Gonzalez, D. and Gonzalez, J.G. and G\'{o}ra, D. and Gorgi, A. and Gouffon, P. and Grebe, S. and Grigat, M. and Grillo, A.F. and Guardincerri, Y. and Guarino, F. and Guedes, G.P. and Guti\'{e}rrez, J. and H˙ague, J.D. and Halenka, V. and Hansen, P. and Harari, D. and Harmsma, S. and Harton, J.L. and Haungs, A. and Healy, M.D. and Hebbeker, T. and Hebrero, G. and Heck, D. and Hojvat, C. and Holmes, V.C. and Homola, P. and H\"{o}randel, J.R. and Horneffer, A. and Hrabovsk\'{y}, M. and Huege, T. and Hussain, M. and Iarlori, M. and Insolia, A. and Ionita, F. and Italiano, A. and Jiraskova, S. and Kaducak, M. and Kampert, K.H. and Karova, T. and Kasper, P. and K\'{e}gl, B. and Keilhauer, B. and Kemp, E. and Kieckhafer, R.M. and Klages, H.O. and Kleifges, M. and Kleinfeller, J. and Knapik, R. and Knapp, J. and Koang, D.-H. and Krieger, A. and Kr\"{o}mer, O. and Kruppke, D. and Kuempel, D. and Kunka, N. and Kusenko, A. and {La Rosa}, G. and Lachaud, C. and Lago, B.L. and Le\~{a}o, M.S.A.B. and Lebrun, D. and Lebrun, P. and Lee, J. and {Leigui de Oliveira}, M.A. and Lemiere, A. and Letessier-Selvon, A. and Leuthold, M. and Lhenry-Yvon, I. and L\'{o}pez, R. and {Lopez Ag\"{u}era}, A. and {Lozano Bahilo}, J. and Lucero, A. and {Luna Garc\'{\i}a}, R. and Maccarone, M.C. and Macolino, C. and Maldera, S. and Mandat, D. and Mantsch, P. and Mariazzi, A.G. and Maris, I.C. and {Marquez Falcon}, H.R. and Martello, D. and Mart\'{\i}nez, J. and {Mart\'{\i}nez Bravo}, O. and Mathes, H.J. and Matthews, J.A.J. and Matthiae, G. and Maurizio, D. and Mazur, P.O. and McEwen, M. and McNeil, R.R. and Medina-Tanco, G. and Melissas, M. and Melo, D. and Menichetti, E. and Menshikov, A. and Meyhandan, R. and Micheletti, M.I. and Miele, G. and Miller, W. and Miramonti, L. and Mollerach, S. and Monasor, M. and {Monnier Ragaigne}, D. and Montanet, F. and Morales, B. and Morello, C. and Moreno, J.C. and Morris, C. and Mostaf\'{a}, M. and Mueller, S. and Mueller, M.A. and Mussa, R. and Navarra, G. and Navarro, J.L. and Navas, S. and Necesal, P. and Nellen, L. and Newman-Holmes, C. and Newton, D. and Nhung, P.T. and Nierstenhoefer, N. and Nitz, D. and Nosek, D. and No\v{z}ka, L. and Oehlschl\"{a}ger, J. and Olinto, A. and Olmos-Gilbaja, V.M. and Ortiz, M. and Ortolani, F. and Pacheco, N. and {Pakk Selmi-Dei}, D. and Palatka, M. and Pallotta, J. and Parente, G. and Parizot, E. and Parlati, S. and Pastor, S. and Patel, M. and Paul, T. and Pavlidou, V. and Payet, K. and Pech, M. and Pe¸kala, J. and Pelayo, R. and Pepe, I.M. and Perrone, L. and Pesce, R. and Petermann, E. and Petrera, S. and Petrinca, P. and Petrolini, A. and Petrov, Y. and Petrovic, J. and Pfendner, C. and Pichel, A. and Piegaia, R. and Pierog, T. and Pimenta, M. and Pinto, T. and Pirronello, V. and Pisanti, O. and Platino, M. and Pochon, J. and Ponce, V.H. and Pontz, M. and Privitera, P. and Prouza, M. and Quel, E.J. and Rautenberg, J. and Ravignani, D. and Redondo, A. and Reucroft, S. and Revenu, B. and Rezende, F.A.S. and Ridky, J. and Riggi, S. and Risse, M. and Rivi\`{e}re, C. and Rizi, V. and Robledo, C. and Rodriguez, G. and {Rodriguez Martino}, J. and {Rodriguez Rojo}, J. and Rodriguez-Cabo, I. and Rodr\'{\i}guez-Fr\'{\i}as, M.D. and Ros, G. and Rosado, J. and Roth, M. and Rouill\'{e}-d’Orfeuil, B. and Roulet, E. and Rovero, A.C. and Salamida, F. and Salazar, H. and Salina, G. and S\'{a}nchez, F. and Santander, M. and Santo, C.E. and Santos, E.M. and Sarazin, F. and Sarkar, S. and Sato, R. and Scharf, N. and Scherini, V. and Schieler, H. and Schiffer, P. and Schmidt, A. and Schmidt, F. and Schmidt, T. and Scholten, O. and Schoorlemmer, H. and Schovancova, J. and Schov\'{a}nek, P. and Schroeder, F. and Schulte, S. and Sch\"{u}ssler, F. and Schuster, D. and Sciutto, S.J. and Scuderi, M. and Segreto, A. and Semikoz, D. and Settimo, M. and Shellard, R.C. and Sidelnik, I. and Siffert, B.B. and {Smetniansky De Grande}, N. and Smiałkowski, A. and \v{S}m\'{\i}da, R. and Smith, B.E. and Snow, G.R. and Sommers, P. and Sorokin, J. and Spinka, H. and Squartini, R. and Strazzeri, E. and Stutz, A. and Suarez, F. and Suomij\"{a}rvi, T. and Supanitsky, A.D. and Sutherland, M.S. and Swain, J. and Szadkowski, Z. and Tamashiro, A. and Tamburro, A. and Tarutina, T. and Taşcaˇu, O. and Tcaciuc, R. and Tcherniakhovski, D. and Thao, N.T. and Thomas, D. and Ticona, R. and Tiffenberg, J. and Timmermans, C. and Tkaczyk, W. and {Todero Peixoto}, C.J. and Tom\'{e}, B. and Tonachini, A. and Torres, I. and Travnicek, P. and Tridapalli, D.B. and Tristram, G. and Trovato, E. and Tuci, V. and Tueros, M. and Ulrich, R. and Unger, M. and Urban, M. and {Vald\'{e}s Galicia}, J.F. and Vali\~{n}o, I. and Valore, L. and van den Berg, A.M. and V\'{a}zquez, R.A. and Veberi\v{c}, D. and Velarde, A. and Venters, T. and Verzi, V. and Videla, M. and Villase\~{n}or, L. and Vorobiov, S. and Voyvodic, L. and Wahlberg, H. and Wahrlich, P. and Wainberg, O. and Warner, D. and Watson, A.A. and Westerhoff, S. and Whelan, B.J. and Wieczorek, G. and Wiencke, L. and Wilczy\'{n}ska, B. and Wilczy\'{n}ski, H. and Wileman, C. and Winnick, M.G. and Wu, H. and Wundheiler, B. and Younk, P. and Yuan, G. and Zas, E. and Zavrtanik, D. and Zavrtanik, M. and Zaw, I. and Zepeda, A. and Ziolkowski, M.},
	doi = {10.1016/j.astropartphys.2009.04.003},
	issn = {09276505},
	journal = {Astroparticle Physics},
	month = jul,
	number = {6},
	pages = {399--406},
	title = {{Upper limit on the cosmic-ray photon fraction at EeV energies from the Pierre Auger Observatory}},
	url = {http://linkinghub.elsevier.com/retrieve/pii/S0927650509000693},
	volume = {31},
	year = {2009}
}

@article{Bethe1934,
	author = {Bethe, H. and Heitler, W.},
	doi = {10.1098/rspa.1934.0140},
	issn = {1364-5021},
	journal = {Proceedings of the Royal Society A: 
		Mathematical, Physical and Engineering Sciences},
	month = aug,
	number = {856},
	pages = {83--112},
	title = {{On the Stopping of Fast Particles and on the 
		Creation of Positive Electrons}},
	url = {http://rspa.royalsocietypublishing.org/cgi/doi/10.1098/r      spa.1934.0140},
	volume = {146},
	year = {1934}
}

@article{Landau1953,
	author = {Landau, L. D. and Pomeranchuk, I.},
	journal = {Doklady Akademii Nauk SSSR},
	pages = {535},
	title = {{The limits of applicability of the theory of Bremsstr      ahlung by electrons and of the creation of pairs at large energ      ies}},
	volume = {92},
	year = {1953}
}

@article{Landau1953a,
	author = {Landau, L. D. and Pomeranchuk, I.},
	journal = {Doklady Akademii Nauk SSSR},
	keywords = {Cosmic Rays Physics and the Pierre Auger 
		Observato, Particle and Dark Side physics},
	mendeley-tags = {Cosmic Rays Physics and the Pierre 
		Auger Observato, Particle and Dark Side physics},
	pages = {735},
	title = {{Electron-cascade processes at ultra-high 
		energies}},
	volume = {92},
	year = {1953}
}

@book{Landau1965,
	author = {Landau, L. D.},
	editor = {Haab, Ter},
	keywords = {Particle and Dark Side physics,Physics 
		Education},
	mendeley-tags = {Particle and Dark Side physics,
		Physics Education},
	pages = {836},
	publisher = {Gordon and Breach},
	title = {{Collected papers of L. D. Landau}},
	url = {http://books.google.com.ar/books?id=WfRQAAAAMAAJ},
	year = {1965}
}

@article{Migdal1956,
	author = {Migdal, A.},
	doi = {10.1103/PhysRev.103.1811},
	issn = {0031-899X},
	journal = {Physical Review},
	month = sep,
	number = {6},
	pages = {1811--1820},
	title = {{Bremsstrahlung and Pair Production in Condensed Media       at High Energies}},
	url = {http://link.aps.org/doi/10.1103/PhysRev.103.1811},
	volume = {103},
	year = {1956}
}

@article{Nakamura2010a,
	author = {Nakamura, K and Hagiwara, K. and Hikasa, K. 
		and Murayama, H. and {Particle Data Group 2010}},
	doi = {10.1088/0954-3899/37/7A/075021},
	issn = {0954-3899},
	journal = {Journal of Physics G: Nuclear and Particle 
		Physics},
	keywords = {Particle and Dark Side physics},
	mendeley-tags = {Particle and Dark Side physics},
	month = jul,
	number = {7A},
	pages = {075021},
	title = {{Review of Particle Physics}},
	url = {http://stacks.iop.org/0954-3899/37/i=7A/a=075021},
	volume = {37},
	year = {2010}
}

@book{Segre1977,
	address = {Michigan, USA},
	author = {Segr\`{e}, Emilio},
	edition = {2nd},
	isbn = {9780805386011},
	pages = {966},
	publisher = {W. A. Benjamin},
	title = {{Nuclei and particles: an introduction to 
		nuclear and subnuclear physics}},
	url = {http://books.google.com.ar/books?id=0sLvAAAAMAAJ},
	year = {1977}
}

@book{Rossi1965,
	author = {Rossi, Bruno},
	edition = {4th},
	pages = {581},
	publisher = {Prentice-Hall},
	title = {{High-energy particles}},
	url = {http://books.google.com.ar/books?id=x8MRAQAAIAAJ},
	year = {1965}
}

@techreport{Berger1964,
	address = {Washington},
	author = {Berger, Martin J. and Seltzer, Stephen M.},
	institution = {NASA},
	pages = {1--127},
	title = {{Tables of Energy Losses and Ranges of 
		Electrons and Positrons}},
	url = {http://adsabs.harvard.edu/abs/1964NASSP3012.....B},
	year = {1964}
}

@misc{NIST2000,
	abstract = {The ESTAR program calculates stopping 
		power, density effect parameters, range, and 
		radiation yield tables for electrons in 
		various materials. Select a material and enter 
		the desired energies or use the default 
		energies. Energies are specified in MeV, and 
		must be in the range from 0.001 MeV to 10000 
		MeV.},
	author = {NIST},
	title = {{Stopping-Power and range tables for 
		electrons}},
	url = {http://physics.nist.gov/PhysRefData/Star/Text/ESTAR.html},
	urldate = {2011},
	year = {2000}
}

@article{Tsai1974,
	author = {Tsai, Yung-Su},
	doi = {10.1103/RevModPhys.46.815},
	issn = {0034-6861},
	journal = {Reviews of Modern Physics},
	month = oct,
	number = {4},
	pages = {815--851},
	title = {{Pair production and bremsstrahlung of 
		charged leptons}},
	url = {http://link.aps.org/doi/10.1103/RevModPhys.46.815},
	volume = {46},
	year = {1974}
}

@article{Tsai1977,
	author = {Tsai, Yung-Su},
	doi = {10.1103/RevModPhys.49.421},
	issn = {0034-6861},
	journal = {Reviews of Modern Physics},
	month = apr,
	number = {2},
	pages = {421--423},
	title = {{Erratum: Pair production and bremsstrahlung 
		of charged leptons}},
	url = {http://link.aps.org/doi/10.1103/RevModPhys.49.421},
	volume = {49},
	year = {1977}
}

@book{Heitler1954,
	author = {Heitler, Walter},
	edition = {3rd},
	isbn = {9780486645582},
	pages = {430},
	publisher = {Courier Dover Publications},
	title = {{The Quantum Theory of Radiation}},
	url = {http://books.google.com.ar/books?id=L7w7UpecbKYC},
	year = {1954}
}

@article{Bathow1970,
	author = {Bathow, G. and Freytag, E. and 
		K\"{o}bberling, M. and Tesch, K. and 
		Kajikawa, R.},
	doi = {10.1016/0550-3213(70)90389-5},
	issn = {05503213},
	journal = {Nuclear Physics B},
	month = jul,
	number = {3},
	pages = {592--602},
	title = {{Measurements of the longitudinal and lateral 
		development of electromagnetic cascades in 
		lead, copper and aluminum at 6 GeV}},
	url = {http://linkinghub.elsevier.com/retrieve/pii/055032137090      3895},
	volume = {20},
	year = {1970}
}

@article{Nelson1966,
	author = {Nelson, Walter and Jenkins, Theodore and 
		McCall, Richard and Cobb, Joseph},
	doi = {10.1103/PhysRev.149.201},
	issn = {0031-899X},
	journal = {Physical Review},
	month = sep,
	number = {1},
	pages = {201--208},
	title = {{Electron-Induced Cascade Showers in Copper 
		and Lead at 1 GeV}},
	url = {http://link.aps.org/doi/10.1103/PhysRev.149.201},
	volume = {149},
	year = {1966}
}

@article{Battistoni1996,
	author = {Battistoni, G. and Bloise, C. and Forti, 
		C. and Greco, M. and Ranft, J. and Tanzini, A.},
	doi = {10.1016/0927-6505(95)00050-X},
	issn = {09276505},
	journal = {Astroparticle Physics},
	month = apr,
	number = {4},
	pages = {351--363},
	title = {{Calculation of the TeV prompt muon component 
		in very high energy cosmic ray showers}},
	url = {http://linkinghub.elsevier.com/retrieve/pii/092765059500050X},
	volume = {4},
	year = {1996}
}

@article{Costa2001,
	author = {Costa, C},
	doi = {10.1016/S0927-6505(01)00105-0},
	issn = {09276505},
	journal = {Astroparticle Physics},
	keywords = {charm,cosmic rays,high energy,muon,neutrino},
	month = nov,
	number = {2},
	pages = {193--204},
	title = {{The prompt lepton cookbook}},
	url = {http://linkinghub.elsevier.com/retrieve/pii/S0927650501001050},
	volume = {16},
	year = {2001}
}

@article{Volkova2009,
	author = {Volkova, L.V. and Saavedra, O.},
	doi = {10.1016/j.astropartphys.2009.07.001},
	issn = {09276505},
	journal = {Astroparticle Physics},
	month = sep,
	number = {2},
	pages = {136--139},
	publisher = {Elsevier B.V.},
	title = {{Prompt muon production in cosmic rays}},
	url = {http://linkinghub.elsevier.com/retrieve/pii/S0927650509001066},
	volume = {32},
	year = {2009}
}

@inproceedings{Matthews2001,
	address = {Hamburg, Germany},
	author = {Matthews, Jim},
	booktitle = {Proceedings of the 27th International 
		Cosmic Ray Conference ICRC 2001},
	pages = {261--264},
	title = {{Energy Flow of Extensive Air Showers}},
	url = {http://adsabs.harvard.edu/abs/2001ICRC....1..261M},
	year = {2001}
}

@article{Matthews2005,
	author = {Matthews, J},
	doi = {10.1016/j.astropartphys.2004.09.003},
	issn = {09276505},
	journal = {Astroparticle Physics},
	keywords = {cosmic rays,extensive air showers,simulations},
	month = jan,
	number = {5-6},
	pages = {387--397},
	title = {{A Heitler model of extensive air showers}},
	url = {http://linkinghub.elsevier.com/retrieve/pii/S0927650504001598},
	volume = {22},
	year = {2005}
}


@article{Blumer2009,
	author = {Bl\"{u}mer, Johannes and Engel, Ralph and 
		H\"{o}randel, J\"{o}rg R.},
	doi = {10.1016/j.ppnp.2009.05.002},
	issn = {01466410},
	journal = {Progress in Particle and Nuclear Physics},
	keywords = {astroparticle physics},
	month = oct,
	number = {2},
	pages = {293--338},
	publisher = {Elsevier B.V.},
	title = {{Cosmic rays from the knee to the highest 
		energies}},
	url = {http://linkinghub.elsevier.com/retrieve/pii/S01466410090 00362},
	volume = {63},
	year = {2009}
}

@article{Pierog2009,
	author = {Pierog, T. and Werner, K.},
	doi = {10.1016/j.nuclphysbps.2009.09.017},
	issn = {09205632},
	journal = {Nuclear Physics B - Proceedings 
	  Supplements},
	month = dec,
	pages = {102--105},
	publisher = {Elsevier B.V.},
	title = {{EPOS Model and Ultra High Energy 
	  Cosmic Rays}},
	url = {http://linkinghub.elsevier.com/retrieve/pii/S0920563209006537},
	volume = {196},
	year = {2009}
}

@article{Kalmykov1993,
	author = {Kalmykov, NN},
	journal = {Physics of Atomic Nuclei},
	keywords = {Cosm,QGSJET-01},
	mendeley-tags = {Cosm},
	number = {3},
	pages = {346--353},
	title = {{The Nucleus-nucleus interaction, 
	   nuclear fragmentation, and fluctuations of 
	   extensive air showers}},
	url = {http://adsabs.harvard.edu/abs/1993PAN....56..346K},
	volume = {56},
	year = {1993}
}

@article{Kalmykov1997,
	author = {Kalmykov, N.N. and Ostapchenko, S.S. and Pavlov, A.I.},
	doi = {10.1016/S0920-5632(96)00846-8},
	issn = {09205632},
	journal = {Nuclear Physics B - Proceedings 
	  Supplements},
	keywords = {Cosmic Rays Physics and the Pierre 
	  Auger Observato, QGSJET-01},
	mendeley-tags = {Cosmic Rays Physics and the 
	  Pierre Auger Observato},
	month = feb,
	number = {3},
	pages = {17--28},
	title = {{Quark-gluon-string model and EAS 
	  simulation problems at ultra-high energies}},
	url = {http://linkinghub.elsevier.com/retrieve/pii/S0920563296008468},
	volume = {52},
	year = {1997}
}

@article{Ostapchenko2004,
	archivePrefix = {arXiv},
	arxivId = {hep-ph/0412332},
	author = {Ostapchenko, S},
	eprint = {0412332},
	month = dec,
	pages = {1--4},
	primaryClass = {hep-ph},
	title = {{QGSJET-II: towards reliable description 
	   of very high energy hadronic interactions}},
	url = {http://arxiv.org/abs/hep-ph/0412332},
	year = {2004}
}

@article{Ostapchenko2006a,
	author = {Ostapchenko, S.},
	doi = {10.1016/j.physletb.2006.03.026},
	issn = {03702693},
	journal = {Physics Letters B},
	month = apr,
	number = {1},
	pages = {40--45},
	title = {{On the re-summation of enhanced 
	  pomeron diagrams}},
	url = {http://linkinghub.elsevier.com/retrieve/pii/S0370269306003261},
	volume = {636},
	year = {2006}
}

@article{Ostapchenko2006,
	author = {Ostapchenko, S.},
	doi = {10.1103/PhysRevD.74.014026},
	issn = {1550-7998},
	journal = {Physical Review D},
	month = jul,
	number = {1},
	pages = {1--17},
	title = {{Nonlinear screening effects in high 
	   energy hadronic interactions}},
	url = {http://link.aps.org/doi/10.1103/PhysRevD.74.014026},
	volume = {74},
	year = {2006}
}

@article{Engel1992,
	author = {Engel, J. and Gaisser, T. and Lipari, 
	   Paolo and Stanev, Todor},
	doi = {10.1103/PhysRevD.46.5013},
	issn = {0556-2821},
	journal = {Physical Review D},
	month = dec,
	number = {11},
	pages = {5013--5025},
	title = {{Nucleus-nucleus collisions and 
	   interpretation of cosmic-ray cascades}},
	url = {http://link.aps.org/doi/10.1103/PhysRevD.46.5013},
	volume = {46},
	year = {1992}
}

@article{Engel1999,
	author = {Engel, R. and Gaisser, T.K. and Stanev, 
	    T. and Lipari, P.},
	journal = {Proceedings of the 26th International 
	    Cosmic Ray Conference ICRC 1999},
	keywords = {Cosmic Rays Physics and the Pierre 
	    Auger Observato, SIBILL2.1},
	mendeley-tags = {Cosmic Rays Physics and the 
	    Pierre Auger Observato},
	pages = {415--418},
	title = {{Air shower calculations with the new 
	    version of SIBYLL}},
	url = {http://adsabs.harvard.edu/full/1999ICRC....1..415E},
	volume = {1},
	year = {1999}
}
	    
@article{Abraham2010a,
	author = {Abraham, J. and et al.},
	issn = {0031-9007},
	journal = {Physical Review Letters},
	month = mar,
	number = {9},
	pages = {091101},
	title = {{Measurement of the Depth of Maximum of 
		Extensive Air Showers above 10\^{}\{18\} eV}},
	url = {http://link.aps.org/doi/10.1103/PhysRevLett.104.091101},
	volume = {104},
	year = {2010}
}

@article{Groom2001,
	author = {Groom, D},
	doi = {10.1006/adnd.2001.0861},
	issn = {0092640X},
	journal = {Atomic Data and Nuclear Data Tables},
	keywords = {Cosmic Rays Physics and the Pierre 
	   Auger Observato},
	mendeley-tags = {Cosmic Rays Physics and the 
	   Pierre Auger Observato},
	month = jul,
	number = {2},
	pages = {183--356},
	title = {{Muon Stopping Power and Range Tables 
		10 MeV-100 TeV}},
	url = {http://linkinghub.elsevier.com/retrieve/doi/10.1006/adnd.2001.0861},
	volume = {78},
	year = {2001}
}

@article{Heck1998,
	author = {Heck, D. and Knapp, J and Capdevielle, J. 
		and Schatz, G. and Thouw, T.},
	journal = {FZKA},
	keywords = {Cosmic Rays Physics and the Pierre Auger 
		Observato},
	mendeley-tags = {Cosmic Rays Physics and the Pierre 
		Auger Observato},
	pages = {1--98},
	title = {{CORSIKA : A Monte Carlo Code to Simulate 
		Extensive Air Showers}},
	volume = {6019},
	year = {1998}
}

@book{Heck2013,
	address = {Karlsruhe, Germany},
	author = {Heck, D. and Pierog, T.},
	edition = {7.44},
	editor = {{KIT - Karlsruhe Institute of Technology}},
	keywords = {Cosmic Rays Physics and the Pierre Auger 
		Observato},
	mendeley-tags = {Cosmic Rays Physics and the Pierre 
		Auger Observato},
	pages = {141},
	title = {{Extensive Air Shower Simulation with 
		CORSIKA: A User's Guide}},
	url = {http://www-ik.fzk.de/corsika/},
	year = {2013}
}

@article{Ahn2010,
	author = {Ahn, H. S. and et al.},
	doi = {10.1088/0004-637X/715/2/1400},
	issn = {0004-637X},
	journal = {The Astrophysical Journal},
	keywords = {abundances,acceleration of particles,and changes in energy,are negligible in their,balloons,color figures,diffusion,due to the low,flux at high energies,galaxy,however,nuclear decay,online-only material,propagation},
	month = jun,
	number = {2},
	pages = {1400--1407},
	title = {{Measurements Of The Relative Abundances Of High Energy Cosmic ray Nuclei In The Tev/nucleon Region}},
	url = {http://stacks.iop.org/0004-637X/715/i=2/a=1400},
	volume = {715},
	year = {2010}
}

@article{Adriani2011b,
	abstract = {Protons and helium nuclei are the most abundant components of the cosmic radiation. Precise measurements of their fluxes are needed to understand the acceleration and subsequent propagation of cosmic rays in our Galaxy. We report precision measurements of the proton and helium spectra in the rigidity range 1 gigavolt to 1.2 teravolts performed by the satellite-borne experiment PAMELA (payload for antimatter matter exploration and light-nuclei astrophysics). We find that the spectral shapes of these two species are different and cannot be described well by a single power law. These data challenge the current paradigm of cosmic-ray acceleration in supernova remnants followed by diffusive propagation in the Galaxy. More complex processes of acceleration and propagation of cosmic rays are required to explain the spectral structures observed in our data.},
	author = {Adriani, O and et al.},
	doi = {10.1126/science.1199172},
	issn = {1095-9203},
	journal = {Science (New York, N.Y.)},
	month = apr,
	number = {6025},
	pages = {69--72},
	pmid = {21385721},
	title = {{PAMELA measurements of cosmic ray proton and helium spectra.}},
	url = {http://www.ncbi.nlm.nih.gov/pubmed/21385721},
	volume = {332},
	year = {2011}
}

@article{Aguilar2010b,
	author = {Aguilar, M. and et al.},
	doi = {10.1088/0004-637X/724/1/329},
	issn = {0004-637X},
	journal = {The Astrophysical Journal},
	month = nov,
	number = {1},
	pages = {329--340},
	title = {{Relative Composition and Energy Spectra of Light Nuclei in Cosmic Rays: Results From AMS-01}},
	url = {http://stacks.iop.org/0004-637X/724/i=1/a=329},
	volume = {724},
	year = {2010}
}

@article{Wiebel-Sooth1998,
	author = {Wiebel-Sooth, B and Biermann, PL},
	journal = {Astronomy and Astrophysics},
	keywords = {acceleration of particles,cosmic rays,general,observed energetic,plasmas,predecessor stellar wind,shockwaves,supernova explosions into the,supernovae,this component produces the,wind-sne},
	pages = {389--398},
	title = {{Cosmic rays. VII. Individual element spectra: prediction and data}},
	url = {http://adsabs.harvard.edu/full/1998A\&amp;A...330..389W},
	volume = {330},
	year = {1998}
}

@article {Manoharan-etal2004,
	author = {Manoharan, P. K. and et al.},
	title = {Influence of coronal mass ejection 
		interaction on propagation of interplanetary 
		shocks},
	journal = {Journal of Geophysical Research: Space 
		Physics},
	volume = {109},
	number = {A6},
	issn = {2156-2202},
	url = {http://dx.doi.org/10.1029/2003JA010300},
	doi = {10.1029/2003JA010300},
	pages = {n/a--n/a},
	keywords = {shock waves, interplanetary shocks, 
		coronal mass ejections},
	year = {2004},
}

@article {Forbush1954,
	author = {Forbush, Scott E.},
	title = {World-wide cosmic ray variations, 1937-1952},
	journal = "Journal of Geophysical Research",
	volume = "59",
	number = "4",
	issn = "2156-2202",
	url = "http://dx.doi.org/10.1029/JZ059i004p00525",
	doi = "10.1029/JZ059i004p00525",
	pages = "2525-542",
	year = "1954"
}

@inproceedings{Asorey2011,
	author = "Asorey, Hern\'an",
	title = "{Measurement of low energy cosmic radiation 
		with the water Cherenkov detector array of 
		the Pierre Auger Observatory}",
	booktitle = "ICRC 2011 Id. 0400-0999",
	collaboration  = "Pierre Auger Collaboration",
	doi = "10.7529/ICRC2011/V11/0920",
	url = "http://www.ihep.ac.cn/english/conference/icrc2011/paper/proc/vb/vb\_0920.pdf",
	year = "2011"
}

@techreport{Fesefeldt1985,
	address = {Aachen, Germany},
	author = {Fesefeldt, H. C.},
	institution = {III Physikalisches Institut},
	title = {{GHEISHA program, Technical Report PITHA 
		85-02}},
	year = {1985}
}

@techreport{Nelson1985,
	author = {Nelson, Walter R and Hirayama, Hideo and 
		Rogers, David W},
	booktitle = {System},
	institution = {SLAC},
	pages = {398},
	title = {{The EGS4 Code System}},
	url = {http://www.slac.stanford.edu/pubs/slacreports/slac-r-265.html},
	year = {1985}
}

@article{Bernlohr2000,
	author = {Bernl\"{o}hr, Konrad},
	doi = {10.1016/S0927-6505(99)00093-6},
	issn = {09276505},
	journal = {Astroparticle Physics},
	keywords = {air shower,atmospheric profile,cherenkov 
		light,scattering,transmission},
	month = jan,
	number = {4},
	pages = {255--268},
	title = {{Impact of atmospheric parameters on the 
		atmospheric Cherenkov technique}},
	url = {http://linkinghub.elsevier.com/retrieve/pii/S0927650599000936},
	volume = {12},
	year = {2000}
}

@article{Hillas1997,
	author = {Hillas, A.M.},
	doi = {10.1016/S0920-5632(96)00847-X},
	issn = {09205632},
	journal = {Nuclear Physics B - Proceedings 
		Supplements},
	month = feb,
	number = {3},
	pages = {29--42},
	title = {{Shower simulation: lessons from MOCCA}},
	url = {http://linkinghub.elsevier.com/retrieve/pii/S092056329600847X},
	volume = {52},
	year = {1997}
}

@misc{NOAA2011,
	author = {NOAA},
	title = {{Estimated Values of Magnetic Field 
		Properties}},
	url = {http://www.ngdc.noaa.gov/geomagmodels/struts/calcPointIGRF},
	year = {2011}
}

@article{Keilhauer2004,
	author = {Keilhauer, B. and et al.},
	doi = {10.1016/j.astropartphys.2004.08.004},
	issn = {09276505},
	journal = {Astroparticle Physics},
	keywords = {atmosphere,atmospheric depth, composition,
		extensive air shower,shower maximum,uhecr},
	month = nov,
	number = {3-4},
	pages = {249--261},
	title = {{Impact of varying atmospheric profiles on 
		extensive air shower observation: atmospheric 
		density and primary mass reconstruction}},
	url = {http://linkinghub.elsevier.com/retrieve/pii/S0927650504001446},
	volume = {22},
	year = {2004}
}

@article{Bernlohr2008,
	author = {Bernl\"{o}hr, Konrad},
	doi = {10.1016/j.astropartphys.2008.07.009},
	issn = {09276505},
	journal = {Astroparticle Physics},
	month = oct,
	number = {3},
	pages = {149--158},
	title = {{Simulation of imaging atmospheric Cherenkov 
		telescopes with CORSIKA and sim\_telarray}},
	url = {http://linkinghub.elsevier.com/retrieve/pii/S0927650508000972},
	volume = {30},
	year = {2008}
}

@Book{Jelley1958,
	title = "Cerenkov Radiation and its applications",
	author = "Jelley J. V.",
	publisher = "Pergamon Press",
	address = "Great Britain",
	url = {https://archive.org/details/cerenkovradiatio030980mbp},
	year = "1958"
}

@book{Jackson1999,
	address = {New York},
	author = {Jackson, J. D.},
	edition = {3rd},
	editor = {and Son, John Wiley},
	keywords = {Classical and Quantum Mechanics and 
		Electromagneti},
	pages = {833},
	title = {{Classical Electrodynamics}},
	url = {http://ns2.your-download.org/file/1646910\_jackson\_-\_classical\_electrodynamics.pdf},
	year = {1999}
}

@article{Hale1973,
	author = {Hale, George M and Querry, Marvin R},
	doi = {10.1364/AO.12.000555},
	issn = {0003-6935},
	journal = {Applied Optics},
	month = mar,
	number = {3},
	pages = {555},
	pmid = {20125343},
	title = {{Optical Constants of Water in the 200-nm 
		to 200-mu m Wavelength Region}},
	url = {http://www.opticsinfobase.org/abstract.cfm?URI=ao-12-3-555},
	volume = {12},
	year = {1973}
}

@Article{Vernetto2000,
	author = "S. {Vernetto}",
	title = "{Detection of gamma-ray bursts in the 1 GeV-1 TeV energy range by ground-based experiments}",
	journal = "Astroparticle Physics",
	eprint = "arXiv:astro-ph/9904324",
	year = 2000,
	month = mar,
	volume = 13,
	pages = "75--86",
	doi = "10.1016/S0927-6505(99)00114-0",
	adsurl = "http://adsabs.harvard.edu/abs/2000APh....13...75V",
	adsnote = "Provided by the SAO/NASA Astrophysics Data System"
}

@Article{AceroEtal2009,
	Author = "F. Acero and F. Aharonian and A. G. Akhperjanian and G. Anton and U. {Barres de Almeida} and A. R. Bazer-Bachi and Y. Becherini and B. Behera and K. Bernlohr and A. Bochow and C. Boisson and J. Bolmont and V. Borrel and J. Brucker and F. Brun and P. Brun and R. Buhler and T. Bulik and I. Busching and T. Boutelier and P. M. Chadwick and A. Charbonnier and R. C. G. Chaves and A. Cheesebrough and L.-M. Chounet and A. C. Clapson and G. Coignet and M. Dalton and M. K. Daniel and I. D. Davids and B. Degrange and C. Deil and H. J. Dickinson and A. Djannati-Atai and W. Domainko and L. O'C. Drury and F. Dubois and G. Dubus and J. Dyks and M. Dyrda and K. Egberts and D. Emmanoulopoulos and P. Espigat and C. Farnier and S. Fegan and F. Feinstein and A. Fiasson and A. Forster and G. Fontaine and M. Fussling and S. Gabici and Y. A. Gallant and L. Gerard and D. Gerbig and B. Giebels and J. F. Glicenstein and B. Gluck and P. Goret and D. Goring and D. Hauser and M. Hauser and S. Heinz and G. Heinzelmann and G. Henri and G. Hermann and J. A. Hinton and A. Hoffmann and W. Hofmann and P. Hofverberg and S. Hoppe and D. Horns and A. Jacholkowska and O. C. de Jager and C. Jahn and I. Jung and K. Katarzynski and U. Katz and S. Kaufmann and M. Kerschhaggl and D. Khangulyan and B. Khelifi and D. Keogh and D. Klochkov and W. Kluzniak and T. Kneiske and Nu. Komin and K. Kosack and R. Kossakowski and G. Lamanna and J.-P. Lenain and T. Lohse and V. Marandon and O. Martineau-Huynh and A. Marcowith and J. Masbou and D. Maurin and T. J. L. McComb and M. C. Medina and J. Mehault and R. Moderski and E. Moulin and M. Naumann-Godo and M. de Naurois and D. Nedbal and D. Nekrassov and B. Nicholas and J. Niemiec and S. J. Nolan and S. Ohm and J-F. Olive and E. de Ona Wilhelmi and K. J. Orford and M. Ostrowski and M. Panter and M. Paz Arribas and G. Pedaletti and G. Pelletier and P.-O. Petrucci and S. Pita and G. Puhlhofer and M. Punch and A. Quirrenbach and B. C. Raubenheimer and M. Raue and S. M. Rayner and O. Reimer and M. Renaud and F. Rieger and J. Ripken and L. Rob and S. Rosier-Lees and G. Rowell and B. Rudak and C. B. Rulten and J. Ruppel and V. Sahakian and A. Santangelo and R. Schlickeiser and F. M. Schock and U. Schwanke and S. Schwarzburg and S. Schwemmer and A. Shalchi and M. Sikora and J. L. Skilton and H. Sol and L. Stawarz and R. Steenkamp and C. Stegmann and F. Stinzing and G. Superina and A. Szostek and P. H. Tam and J.-P. Tavernet and R. Terrier and O. Tibolla and M. Tluczykont and C. van Eldik and G. Vasileiadis and C. Venter and L. Venter and J. P. Vialle and P. Vincent and M. Vivier and H. J. Volk and F. Volpe and S. J. Wagner and M. Ward and A. A. Zdziarski and A. Zech",
	Doi = "10.1126/science.1178826",
	Eprint = "http://www.sciencemag.org/cgi/reprint/326/5956/1080.pdf",
	Journal = "Science",
	Number = "5956",
	Pages = "1080--1082",
	Title = "{Detection of Gamma Rays from a Starburst Galaxy}",
	Url = "http://www.sciencemag.org/cgi/content/abstract/326/5956/1080",
	Volume = "326",
	Year = "2009",
	Bdsk-Url-1 = "http://www.sciencemag.org/cgi/content/abstract/326/5956/1080",
	Bdsk-Url-2 = "http://dx.doi.org/10.1126/science.1178826"
}

@Article{ BertouAllard2005,
	author = "X Bertou and D Allard",
	journal = "Nuclear Inst. and Methods in Physics Research",
	title = "Detection of GRB with water Cherenkov detectors",
	abstract = "Nuclear Instruments and Methods in Physics Research ",
	pages = "299--303",
	volume = "A553",
	year = "2005",
	month = "Jan",
	date-added = "2009-04-01 07:34:44 -0430",
	date-modified = "2009-04-01 07:35:33 -0430",
	URL = "http://linkinghub.elsevier.com/retrieve/pii/S016890020501613X",
	uri = "papers://E8793EC9-6E12-4D3E-8D9A-BF1F757F3F0B/Paper/p3853",
	read = "Yes",
	rating = "0"
}

@techreport{NASA1976,
	author = {NASA},
	institution = {NASA},
	pages = {1--241},
	title = {{U.S. Standard Atmosphere (NASA/TM-X-74335)}},
	url = {http://www.everyspec.com/NASA/NASA-General/NASA\_TM-X-74335\_37294/},
	year = {1976}
}

@article {Usoskin-etal2008,
	author = {Usoskin, I. G. and Braun, I. and Gladysheva, O. G. 
		and H{\"o}randel, J. R. and J{\"a}ms\'en, T. and Kovaltsov, G. A. 
		and Starodubtsev, S. A.},
	title = {Forbush decreases of cosmic rays: Energy dependence 
		of the recovery phase},
	journal = {Journal of Geophysical Research: Space Physics},
	volume = {113},
	number = {A7},
	issn = {2156-2202},
	url = {http://dx.doi.org/10.1029/2007JA012955},
	doi = {10.1029/2007JA012955},
	pages = {n/a--n/a},
	keywords = {Cosmic rays, heliosphere, Forbush decrease},
	year = {2008},
}

@article {Cane1993,
	author = {Cane, H. V.},
	title = {Cosmic ray decreases and magnetic clouds},
	journal = {Journal of Geophysical Research: Space Physics},
	volume = {98},
	number = {A3},
	issn = {2156-2202},
	url = {http://dx.doi.org/10.1029/92JA02479},
	doi = {10.1029/92JA02479},
	pages = {3509--3512},
	year = {1993},
}

@article {Richardson-etal1996,
	author = {Richardson, I. G. and Wibberenz, G. and 
		Cane, H. V.},
	title = {The relationship between recurring cosmic 
		ray depressions and corotating solar wind
		streams	at $\le$ 1 AU: IMP 8 and Helios 1 and 2
		anticoincidence guard rate observations},
	journal = {Journal of Geophysical Research: Space
		Physics},
	volume = {101},
	number = {A6},
	issn = {2156-2202},
	url = {http://dx.doi.org/10.1029/96JA00547},
	doi = {10.1029/96JA00547},
	pages = {13483--13496},
	year = {1996},
}

@inproceedings{Belov2008,
	author = {Belov, A. V.},
	title = {Forbush effects and their connection with
		solar, interplanetary and geomagnetic
		phenomena},
	booktitle = {Universal Heliophysical Processes},
	series = {Proceedings of the International 
		Astronomical Union},
	volume = {4},
	issue = {Symposium S257},
	month = {9},
	year = {2008},
	pages = {439--450},
	numpages = {12},
	doi = {10.1017/S1743921309029676},
	URL = {http://journals.cambridge.org/article\_S1743921309029676},
}

@article{J.J.Blanco-etal2013,
	year={2013},
	issn={0038-0938},
	journal={Solar Physics},
	volume={284},
	number={1},
	doi={10.1007/s11207-013-0256-1},
	title={Observable Effects of Interplanetary Coronal
		Mass Ejections on Ground Level Neutron Monitor			Count Rates},
	url={http://dx.doi.org/10.1007/s11207-013-0256-1},
	publisher={Springer Netherlands},
	keywords={ICME; Magnetic cloud; Ejecta; Forbush
		decrease},
	author={Blanco, J.J. and Catal\'an, E. and Hidalgo, M.A.
		and Medina, J. and Garc\'ia, O. and
		Rodr\'iguez-Pacheco, J.},
	pages={167-178},
	language={English}
}

@article {Jordan-etal2011,
	author = {Jordan, A. P. and Spence, H. E. and Blake, 
		J. B. and Shaul, D. N. A.},
	title = {Revisiting two-step Forbush decreases},
	journal = {Journal of Geophysical Research: Space
		Physics},
	volume = {116},
	number = {A11},
	issn = {2156-2202},
	url = {http://dx.doi.org/10.1029/2011JA016791},
	doi = {10.1029/2011JA016791},
	keywords = {Forbush decrease, coronal mass ejection,
		cosmic ray, interplanetary magnetic field,
		shock},
	year = {2011},
}

@article{VAlekseenko-etal2012,
	author={V Alekseenko and F Arneodo and G Bruno and W
		Fulgione and D Gromushkin and O Shchegolev
		and Yu Stenkin and V Stepanov and V Sulakov},
	title={Registration of Forbush decrease 2012/03/08
		with a global net of the thermal neutron
		scintillation en -detectors},
	journal={Journal of Physics: Conference Series},
	volume={409},
	number={1},
	pages={012190},
	url={http://stacks.iop.org/1742-6596/409/i=1/a=012190},
	year={2013},
}

@INPROCEEDINGS{Mavromichalaki-etal2013,
	author = {{Mavromichalaki}, H. and {Lingri}, D. and
		{Papailiou}, M. and {Belov}, A. and 
		{Eroshenko}, E. and {Yanke}, V.},
	title = "{Forbush decreases during the ascending
		phase of solar cycle 24}",
	booktitle = {11th Hellenic Astronomical Conference},
   	year = 2013,
	month = sep,
	pages = {20-20},
	adsurl ={http://adsabs.harvard.edu/abs/2013hell.confR..20M},
	adsnote = {Provided by the SAO/NASA
		Astrophysics Data System}
}

@article{AEtchegoyen-etal2005,
	title = "Muon-track studies in a water Cherenkov
		detector ",
	journal = "Nuclear Instruments and Methods in Physics
		Research Section A: Accelerators, Spectrometers,
       		Detectors and Associated Equipment ",
	volume = "545",
	number = "3",
	pages = "602 - 612",
	year = "2005",
	note = "",
	issn = "0168-9002",
	doi = "http://dx.doi.org/10.1016/j.nima.2005.02.016",
	url = "http://www.sciencedirect.com/science/article/pii/S016890020500759X",
	author = "A. Etchegoyen and P. Bauleo and X. Bertou and
		C.B. Bonifazi and A. Filevich and M.C. Medina
		and D.G. Melo and A.C. Rovero and A.D.
		Supanitsky and A. Tamashiro",
	keywords = "Ultra high energy cosmic rays",
	keywords = "Water Cherenkov detectors",
	keywords = "Crossing muons",
	keywords = "Simulations and semi-analytical model "
}

@phdthesis{Suarez-Duran2011,
	author = {Su\'arez Dur\'an, M.},
	school = {Universidad Industrial de Santander},
	title = {{Instalaci\'on de un detector Cherenkov de
		agua para la detecci\'on de trazas de rayos
			c\'somicos a 956 metros sobre el nivel
			del mar}},
	type = {Tesis de Pregrado},
	year = {2011}
}



@phdthesis{Calderon-Ardila2015,
	author = {Calder\'on-Ardila, R.},
	school = {Universidad Indultrial de Santander},
	title = {{Simulaci\'on de los detectores Cherenkov de agua de la colaboraci\'on LAGO}},
	type = {Tesis de Pregrado},
	year = {2015}
}

@article{Zurbuchen-Richardson2006,
	year={2006},
	issn={0038-6308},
	journal={Space Science Reviews},
	volume={123},
	number={1-3},
	doi={10.1007/s11214-006-9010-4},
	title={In-Situ Solar Wind and Magnetic Field 
		Signatures of Interplanetary Coronal Mass 
		Ejections},
	url={http://dx.doi.org/10.1007/s11214-006-9010-4},
	publisher={Kluwer Academic Publishers},
	keywords={interplanetary coronal mass ejections; 
		solar wind plasma; interplanetary magnetic 
		field},
	author={Zurbuchen, ThomasH. and Richardson, IanG.},
	pages={31-43},
	language={English}
}

@article{Modzelewska-Alania-2013,
	year={2013},
	issn={0038-0938},
	journal={Solar Physics},
	volume={286},
	number={2},
	doi={10.1007/s11207-013-0261-4},
	title={The 27-Day Cosmic Ray Intensity Variations 
		During Solar Minimum 23/24},
	url={http://dx.doi.org/10.1007/s11207-013-0261-4},
	publisher={Springer Netherlands},
	author={Modzelewska, R. and Alania, M.V.},
	pages={593-607},
	language={English}
}

@article {Jackson-etal2000,
	author = {Jackson, Andrew and Jonkers, Art R. T. and Walker, Matthew R.},
	title = {Four centuries of geomagnetic secular variation from 
		historical records},
	volume = {358},
	number = {1768},
	pages = {957--990},
	year = {2000},
	doi = {10.1098/rsta.2000.0569},
	publisher = {The Royal Society},
	isbn = {1471-2962},
	issn = {1364-503X},
	journal = {Philosophical Transactions of the Royal Society of London A: Mathematical, Physical and Engineering Sciences}
}

@book{Space-Plasmas,
	title = {Physics of Space Plasmas: An Introduction},
	publisher = {Westview Press}, 
	year = {2003},
	isbn = {0813341299}, 
	url ={http://goo.gl/4DGNVE}
}

@article{Arqueros2009,
	year={2009},
	issn={1989-7189},
	journal={Dialnet},
	number={2},
	title={Las part\'iculas m\'as energ\'eticas de la 
		naturaleza},	
	url={http://goo.gl/JNaqDw},
	publisher={Universidad Nacional de Educaci\'on a 
		Distancia, UNED: Facultad de Ciencias},
	author={Arqueros Mart\'inez, Fernando},
	pages={66-75},
}



@article{Smart-eatl2006,
	title = "A geomagnetic cutoff rigidity interpolation 
		tool: Accuracy verification and application to 
		space weather ",
	journal = "Advances in Space Research ",
	volume = "37",
	number = "6",
	pages = "1206 - 1217",
	year = "2006",
	note = "Space weather prediction: Applications and 
		validation ",
	issn = "0273-1177",
	doi = "http://dx.doi.org/10.1016/j.asr.2006.02.011",
	url = "http://www.sciencedirect.com/science/article/pii/S0273117706000421",
	author = "D.F. Smart and M.A. Shea and A.J. Tylka and 
		P.R. Boberg",
	keywords = "Geomagnetic cutoff rigidities",
	keywords = "Cutoff latitudes",
	keywords = "Magnetospheric cutoffs",
	keywords = "Magnetic fields",
	keywords = "Space radiation",
	keywords = "Radiation dose "
}

@article{Aloisio-etal2012,
	author={R Aloisio and V Berezinsky and A Gazizov},
	title={Disappointing model for ultrahigh-energy cosmic rays},
	journal={Journal of Physics: Conference Series},
	volume={337},
	number={1},
	pages={012042},
	url={http://stacks.iop.org/1742-6596/337/i=1/a=012042},
	year={2012},
}

@article{Pierre-Auger-Coll2007,
	author = {The Pierre Auger Collaboration}, 
	title = {Correlation of the Highest-Energy Cosmic Rays with Nearby Extragalactic Objects},
	volume = {318}, 
	number = {5852}, 
	pages = {938-943}, 
	year = {2007}, 
	doi = {10.1126/science.1151124}, 
	URL = {http://www.sciencemag.org/content/318/5852/938.abstract}, 
	eprint = {http://www.sciencemag.org/content/318/5852/938.full.pdf}, 
	journal = {Science} 
}

@article{Kotera-Olinto2011,
	author = {Kotera, Kumiko and Olinto, Angela V.},
	title = {The Astrophysics of Ultrahigh-Energy Cosmic Rays},
	journal = {Annual Review of Astronomy and Astrophysics},
	volume = {49},
	number = {1},
	pages = {119-153},
	year = {2011},
	doi = {10.1146/annurev-astro-081710-102620},
	URL = {http://dx.doi.org/10.1146/annurev-astro-081710-102620},
	eprint = {http://dx.doi.org/10.1146/annurev-astro-081710-102620}
}

@article{Meszaros2013,
	title = "Gamma ray bursts",
	journal = "Astroparticle Physics",
	volume = "43",
	number = "0",
	pages = "134 - 141",
	year = "2013",
	note = "Seeing the High-Energy Universe with the Cherenkov Telescope Array - The Science Explored with the {CTA}",
	issn = "0927-6505",
	doi = "http://dx.doi.org/10.1016/j.astropartphys.2012.03.009",
	url = "http://www.sciencedirect.com/science/article/pii/S0927650512000692",
	author = "Peter M\'esz\'aros",
	keywords = "Gamma ray bursts",
	keywords = "Gamma rays",
	keywords = "Cosmic rays",
	keywords = "Neutrinos",
	keywords = "Gravitational waves",
	keywords = "Fermi",
	keywords = "C.T.A.",
	keywords = "Stars",
	keywords = "Cosmology",
	keywords = "High energy astrophysics",
	keywords = "Particle astrophysics"
}

@article{Fixsen2009,
	author={D. J. Fixsen},
	title={The Temperature of the Cosmic Microwave Background},
	journal={The Astrophysical Journal},
	volume={707},
	number={2},
	pages={916},
	url={http://stacks.iop.org/0004-637X/707/i=2/a=916},
	year={2009},
}

@article{pdg2014,
	author = "Olive, K.A. ",
	title  = "{Review of Particle Physics}",
	collaboration  = "Particle Data Group",
	journal = "Chin.Phys.",
	volume = "C38",
	pages = "090001",
	doi = "10.1088/1674-1137/38/9/090001",
	year = "2014",
}

@INPROCEEDINGS{Richardson-Chi2003,
	author = {{Richardson}, J. D. and {Wang}, C.},
	title = "{The Solar Wind in the Outer Heliosphere at Solar Maximum}",
	keywords = {Particle emission solar wind, Solar wind plasma, sources of solar 
		wind},
	booktitle = {Solar Wind Ten},
	year = 2003,
	series = {American Institute of Physics Conference Series},
	volume = 679,
	editor = {{Velli}, M. and {Bruno}, R. and {Malara}, F. and {Bucci}, B.
	},
	month = sep,
	pages = {71-74},
	doi = {10.1063/1.1618544},
	adsurl = {http://adsabs.harvard.edu/abs/2003AIPC..679...71R},
	adsnote = {Provided by the SAO/NASA Astrophysics Data System}
}

@misc{linsley1988,
	author = "Linsley, John",
	title  = "{private communication by M. Hillas}",
        year = "1988"
}

@incollection{Haverkorn-book2015,
	year={2015},
	isbn={978-3-662-44624-9},
	booktitle={Magnetic Fields in Diffuse Media},
	volume={407},
	series={Astrophysics and Space Science Library},
	editor={Lazarian, Alexander and de Gouveia Dal Pino,
		Elisabete M. and Melioli, Claudio},
	doi={10.1007/978-3-662-44625-6\_17},
	title={Magnetic Fields in the Milky Way},
	url={http://dx.doi.org/10.1007/978-3-662-44625-6\_17},
	publisher={Springer Berlin Heidelberg},
	author={Haverkorn, Marijke},
	pages={483-506},
	language={English}
}

@ARTICLE{Wentz-etal2001,
	author = {{Wentz}, J. and {Bercuci}, A. and 
		{Vulpescu}, B.},
	title = "{Simulation of the Geomagnetic Cut-off with 
		GEANT using the International Geomagnetic 
		Reference Field}",
	journal = {International Cosmic Ray Conference},
  	year = 2001,
	month = aug,
	volume = 10,
	pages = {4213},
	adsurl = {http://adsabs.harvard.edu/abs/2001ICRC...10.4213W},
	adsnote = {Provided by the SAO/NASA Astrophysics Data System}
}

@Article{Herbst-etal2013,
	AUTHOR = {Herbst, K. and Kopp, A. and Heber, B.},
	TITLE = {Influence of the terrestrial magnetic field 
		geometry on the cutoff rigidity of cosmic ray 
		particles},
	JOURNAL = {Annales Geophysicae},
	VOLUME = {31},
	YEAR = {2013},
	NUMBER = {10},
	PAGES = {1637--1643},
	URL = {http://www.ann-geophys.net/31/1637/2013/},
	DOI = {10.5194/angeo-31-1637-2013}
}


@BOOK{Corsika,
	author = {{Heck}, D. and {Knapp}, J. and 
		{Capdevielle}, J.~N. and {Schatz}, G. and 
		{Thouw}, T.},
	title = "{CORSIKA: a Monte Carlo code to simulate 
		extensive air showers.}",
	booktitle = {CORSIKA: a Monte Carlo code to simulate 
		extensive air showers., by Heck, D.; Knapp, 
		J.; Capdevielle, J.~N.; Schatz, G.; Thouw, 
		T..~ Forschungszentrum Karlsruhe GmbH, 
		Karlsruhe (Germany)., Feb 1998, V + 90 p., 
		TIB Hannover, D-30167 Hannover (Germany).},
	year = 1998,
	month = feb,
	adsurl = {http://adsabs.harvard.edu/abs/1998cmcc.book.....H},
	adsnote = {Provided by the SAO/NASA Astrophysics Data System}
}

@incollection{Beck-2005,
	year={2005},
	isbn={978-1-4020-2619-5},
	booktitle={How does the Galaxy Work?},
	volume={315},
	series={Astrophysics and Space Science Library},
	editor={Alfaro, EmilioJ. and P\'erez, Enrique and 
		Franco, Jos\'e},
	doi={10.1007/1-4020-2620-X_57},
	title={Magnetic Fields in the Milky Way and Other 
		Spiral Galaxies},
	url={http://dx.doi.org/10.1007/1-4020-2620-X\_57},
	publisher={Springer Netherlands},
	author={Beck, R.},
	pages={277-286},
	language={English}
}

@ARTICLE{Alania-Shatashvili1974,
	author = {{Alania}, M. V. and {Shatashvili}, L. K.},
	title = "{Quasi-periodic cosmic ray variations}",
	journal = {Tiflis Izdatel Tbilisskogo Universiteta},
	keywords = {Cosmic Rays, Diurnal Variations, Particle
		Flux Density, Solar Wind, Twenty-Seven Day
		Variation, Annual Variations, Galactic 
		Radiation, Interplanetary Magnetic Fields, 
		Neutron Flux Density, Particle Diffusion, 
		Periodic Variations, Radiation Counters, Solar 
		Activity Effects},
	year = 1974,
	adsurl = {http://adsabs.harvard.edu/abs/1974IzTif.........A},
	adsnote = {Provided by the SAO/NASA Astrophysics Data System}
}

@misc1{kamei1991,
       author={Toyohisa KAMEI},
       title={On Dst index (description in the IAGA Bulletin
	No 40)},
       url={http://wdc.kugi.kyoto-u.ac.jp/dstdir/dst2/onDstindex.html},
       year=1991
}

@article{ozturk2012,
	author = "{\"O}zt{\"u}rk, M. Kaan",
	title = "Trajectories of charged particles trapped 
		in Earth's magnetic field",
	journal = "American Journal of Physics",
	year = "2012",
	volume = "80",
	number = "5", 
	pages = "420-428",
	url = "http://scitation.aip.org/content/aapt/journal/ajp/80/5/10.1119/1.3684537",
	doi = "http://dx.doi.org/10.1119/1.3684537" 
}

@Book{Griffiths3rd,
	Author = {David J. Griffiths {Griffiths}},
	Title = {Introduction to Electrodynamics},
	edition = {3rd},
	ISBN = {013805326X},
	Year = {1999},
	Publisher = {Prentice Hall, Upper Saddle River, NJ},
	Language = {English},
	url = "http://academic.reed.edu/physics/faculty/griffiths.html"
}

@Book{louis-etal1998,
	Author = {Louis N. Hand and Janet D. Finch},
	Title = {Analytical Mechanics},
	edition = {1st},
	ISBN = {0521575729},
	Year = {1998},
	Publisher = {Cambridge University Press},
	Language = {English},
	url = "http://www.amazon.com/Analytical-Mechanics-Louis-N-Hand/dp/0521575729"
}

@Book{Schultz-Lanzerotti1974,
	Author = {M. Schulz and L. J. Lanzerotti},
	Title = {Particle Diffusion in the Radiation Belts},
	edition = {},
	ISBN = {978-3-642-65677-4},
	Year = {1974},
	Publisher = {Springer-Verlag, New York Heidelberg 
		Berlin},
	Language = {English},
	DOI = {10.1007/978-3-642-65675-0},
	url = "http://academic.reed.edu/physics/faculty/griffiths.html"
}

@article{Sdobnov2011,
	year={2011},
	issn={1062-8738},
	journal={Bulletin of the Russian Academy of Sciences: Physics},
	volume={75},
	number={6},
	doi={10.3103/S1062873811060384},
	title={Analysis of the Forbush effect in May 2005 using the 
		spectrographic global survey method},
	url={http://dx.doi.org/10.3103/S1062873811060384},
	publisher={Allerton Press, Inc.},
	author={Sdobnov, V.Ye.},
	pages={805-807},
	language={English}
}

@ARTICLE{Jain-etal2007,
	author = {{Jain}, M. and {Chauhan}, M. L. and 
		{Shrivastava}, S. K. and {Richharia}, 
		M. K. and {Jain}, A.},
	title = "{On the relationship of Forbush decrease event 
		of May 2005 with solar parameters}",
	journal = {International Cosmic Ray Conference},
	year = 2008,
	volume = 1,
	pages = {295-298},
	adsurl = {http://adsabs.harvard.edu/abs/2008ICRC....1..295J},
	adsnote = {Provided by the SAO/NASA Astrophysics Data System}
}

@Book{moldwin2008,
	Author = {Mark Moldwin},
	Title = {An Introduction to Space Weather},
	ISBN = {978-0521711128},
	Year = {2008},
	Publisher = {Cambridge University Press},
	Language = {English},
	DOI = {http://dx.doi.org/10.1017/CBO9780511801365},
	url = "http://ebooks.cambridge.org/ebook.jsf?bid=CBO9780511801365"
}

@article{LW-Townsend2001,
	author={Lawrence W Townsend},	    
	title={Radiation exposures of aircrew in high altitude flight},
	journal={Journal of Radiological Protection},
	volume={21},
	number={1},
	pages={5},
	url={http://stacks.iop.org/0952-4746/21/i=1/a=003},
	year={2001}
}

@book{muonscience2003,
	author = {Nagamine, K.},
	editor = {},
	pages = {226},
	publisher = {Cambridge University Press},
	title = {Introductory Muon Science},
	ISBN = {9780521593793},
	url = {http://www.cambridge.org/co/academic/subjects/physics/condensed-matter-physics-nanoscience-and-mesoscopic-physics/introductory-muon-science?format=HB\&isbn=9780521593793},
	year = {2003}
}

@article {lesparre-etal2010,
	author = {Lesparre, N. and Gibert, D. and Marteau, J. and 
		D\'eclais, Y. and Carbone, D. and Galichet, E.},
	title = {Geophysical muon imaging: feasibility and limits},
	journal = {Geophysical Journal International},
	volume = {183},
	number = {3},
	publisher = {Blackwell Publishing Ltd},
	issn = {1365-246X},
	url = {http://dx.doi.org/10.1111/j.1365-246X.2010.04790.x},
	doi = {10.1111/j.1365-246X.2010.04790.x},
	pages = {1348--1361},
	keywords = {Inverse theory, Spatial analysis, Tomography},
	year = {2010},
}

@ARTICLE{tanaka-etal2012,
	   author = {{Naudet}, C. and {Tanaka}, H.K.M. and {Kedar}, 
		   S. and {Plaut}, J. and {Jones}, C. and {Webb}, F.},
	   title = {Low Cost, Low Power, Passive Muon Telescope For 
		   Interrogating Martian Sub-Surface},
	   journal = {AGU Fall Meeting Abstracts},
	   keywords = {5421 PLANETARY SCIENCES: SOLID SURFACE PLANETS 
		   / Interactions with particles and fields},
	   year = 2012,
	   month = dec,
	   adsurl = {http://adsabs.harvard.edu/abs/2012AGUFM.P21A1834N},
	   adsnote = {Provided by the SAO/NASA Astrophysics Data System}
}

@Book{Glenn2010,
	Author = {Glenn F. Knoll},
	Title = {Radiation Detection and Measurement},
	ISBN = {978-0-470-13148-0},
	Year = {2010},
	Publisher = {Wiley},
	Language = {English},
	url = "http://www.wiley.com/WileyCDA/WileyTitle/productCd-EHEP001606.html"
}

@article{Marteau-etal2012,
	title = "Muons tomography applied to geosciences and volcanology ",
	journal = "Nuclear Instruments and Methods in Physics Research 
		Section A: Accelerators, Spectrometers, Detectors and 
		Associated Equipment",
	volume = "695",
	number = "",
	pages = "23 - 28",
	year = "2012",
	note = "New Developments in Photodetection NDIP11",
	issn = "0168-9002",
	doi = "http://dx.doi.org/10.1016/j.nima.2011.11.061",
	url = "http://www.sciencedirect.com/science/article/pii/S016890021102105X",
	author = "J. Marteau and D. Gibert and N. Lesparre and F. Nicollin 
		and P. Noli and F. Giacoppo",
	keywords = "Cosmic rays",
	keywords = "Muon",
	keywords = "Volcano",
	keywords = "Tomography",
	keywords = "Telescope "
}

@article{Alvarez-etal1970,
	author = {Alvarez, Luis W. and Anderson, Jared A. and Bedwei, 
		F. El and Burkhard, James and Fakhry, Ahmed and Girgis, 
		Adib and Goneid, Amr and Hassan, Fikhry and Iverson, Dennis 
		and Lynch, Gerald and Miligy, Zenab and Moussa, Ali Hilmy 
		and Sharkawi, Mohammed and Yazolino, Lauren},
	title = {Search for Hidden Chambers in the Pyramids},
	volume = {167},
	number = {3919},
	pages = {832--839},
	year = {1970},
	doi = {10.1126/science.167.3919.832},
	publisher = {American Association for the Advancement of Science},
	issn = {0036-8075},
	URL = {http://science.sciencemag.org/content/167/3919/832},
	eprint = {http://science.sciencemag.org/content/167/3919/832.full.pdf},
	journal = {Science}
}

@article{Anastasio-etal2013,
	title = "The MU-RAY detector for muon radiography of volcanoes ",
	journal = "Nuclear Instruments and Methods in Physics Research 
		Section A: Accelerators, Spectrometers, Detectors and Associated Equipment ",
	volume = "732",
	number = "",
	pages = "423 - 426",
	year = "2013",
	note = "Vienna Conference on Instrumentation 2013 ",
	issn = "0168-9002",
	doi = "http://dx.doi.org/10.1016/j.nima.2013.05.159",
	url = "http://www.sciencedirect.com/science/article/pii/S0168900213007705",
	author = "A. Anastasio and F. Ambrosino and D. Basta and L. Bonechi and M. Brianzi and A. Bross and S. Callier and A. Caputo and R. Ciaranfi and L. Cimmino and R. D'Alessandro and L. D'Auria and C. de La Taille and S. Energico and F. Garufi and F. Giudicepietro and A. Lauria and G. Macedonio and M. Martini and V. Masone and C. Mattone and M.C. Montesi and P. Noli and M. Orazi and G. Passeggio and R. Peluso and A. Pla-Dalmau and L. Raux and P. Rubinov and G. Saracino and E. Scarlini and G. Scarpato and G. Sekhniaidze and O. Starodubtsev and P. Strolin and A. Taketa and H.K.M. Tanaka and A. Vanzanella",
	keywords = "Muon radiography",
	keywords = "Muon detector",
	keywords = "SiPM",
	keywords = "Volcanoes",
	keywords = "Muography "
}

@article{Ambrosi-etal2011,
	title = "The MU-RAY project: Volcano radiography with cosmic-ray muons ",
	journal = "Nuclear Instruments and Methods in Physics Research 
		Section A: Accelerators, Spectrometers, Detectors and Associated 
		Equipment ",
	volume = "628",
	number = "1",
	pages = "120 - 123",
	year = "2011",
	note = {VCI 2010Proceedings of the 12th International Vienna Conference 
		on Instrumentation},
	issn = "0168-9002",
	doi = "http://dx.doi.org/10.1016/j.nima.2010.06.299",
	url = "http://www.sciencedirect.com/science/article/pii/S0168900210014890",
	author = "G. Ambrosi and F. Ambrosino and R. Battiston and A. Bross and 
		S. Callier and F. Cassese and G. Castellini and R. Ciaranfi and 
		F. Cozzolino and R. DAlessandro and C. de La Taille and 
		G. Iacobucci and A. Marotta and V. Masone and M. Martini and 
		R. Nishiyama and P. Noli and M. Orazi and L. Parascandolo and 
		P. Parascandolo and G. Passeggio and R. Peluso and A. Pla-Dalmau 
		and L. Raux and R. Rocco and P. Rubinov and G. Saracino and 
		G. Scarpato and G. Sekhniaidze and P. Strolin and H.K.M. Tanaka and 
		M. Tanaka and P. Trattino and T. Uchida and I. Yokoyamao",
	keywords = "Muon radiography",
	keywords = "Vulcano structure",
	keywords = "Silicon photomultiplier"
}

@phdthesis{Suarez2015,
	author = {Su\'arez-Dur\'an M.},
	school = {Universidad Industrial de Santander},
	title = {{Modulaci\'on de Rayos C\'osmicos Secundarios a Nivel del 
	Suelo por Cambios en el Campo Geomagn\'etico}},
	type = {Tesis de Maestr\'ia},
	year = {2015}
}

@INPROCEEDINGS{pla-etal2003, 
	author={Pla-Dalmau, A. and Rykalin, V.V. and Bross, A.D.}, 
	booktitle={Nuclear Science Symposium Conference Record, 2003 IEEE}, 
	title={Extruding plastic scintillator at Fermilab}, 
	year={2003}, 
	volume={1}, 
	pages={102-104 Vol.1}, 
	keywords={polymers;solid scintillation detectors;Fermilab;extruding plastic 
		scintillator;polystyrene;Casting;Costs;Detectors;Manufacturing 
		industries;Manufacturing processes;Plastics 
		industry;Production;Scintillation counters;Sheet materials;Testing}, 
	doi={10.1109/NSSMIC.2003.1352007}, 
	ISSN={1082-3654}, 
	month={Oct}
}

@article{Tanaka-etal2009,
	author = {Tanaka, H.K.M. and Uchida, T. and Tanaka, 
		M. and Shinohara, H. and Taira, H.},
	title = {Cosmic-ray muon imaging of magma in a conduit: Degassing 
		process of Satsuma Iwojima Volcano, Japan},
	journal = {Geophysical Research Letters},
	volume = {36},
	number = {1},
	issn = {1944-8007},
	url = {http://dx.doi.org/10.1029/2008GL036451},
	doi = {10.1029/2008GL036451},
	keywords = {Cosmic-ray muon, radiography, degassing},
	year = {2009}
}

@article{Gibert-etal2010,
	author = {Gibert, D. and Beauducel, F. and Lesparre, N. 
		and Tarantola, A. and Declais, Y. and Marteau, J. and 
		Nicollin, F.},
       title = {Muon tomography: Plans for observations in the Lesser Antilles},
       journal = {Earth Planets and Space},
       volume = {62},
       number = {2},
       issn = {1343-8832},
       url = {https://inis.iaea.org/search/search.aspx?orig\_q=RN:41065312},
       doi = {10.5047/eps.2009.07.003},
       pages = {153-165},
       keywords = {Volcanoes, monitoring tomography, Martinique, Guadeloupe,
	      Montserrat, telescope muons, cosmic rays},
       year = {2010}
}

@INPROCEEDINGS{Otte-etal2004, 
	author={A. N. Otte and J. Barral and B. Dolgoshein and J. Hose and 
		S. Klemin and E. Lorenz and R. Mirzoyan and E. Popova and 
		M. Teshima}, 
	booktitle={Nuclear Science Symposium Conference Record, 2004 IEEE}, 
	title={New results from a test of silicon photomultiplier as readout for PET}, 
	year={2004}, 
	volume={6}, 
	pages={3738-3742 Vol. 6}, 
	keywords={avalanche photodiodes;photomultipliers;positron emission tomography;positronium;silicon radiation detectors;22Na;22Na positronium source;APD;Geiger mode operating avalanche photodiode;PET;detector channel;lutetium yttrium orthosilicate;photoelectron triggering;photon detector;positron emission tomography;silicon photomultiplier;time resolution;Avalanche photodiodes;Detectors;Energy measurement;Energy resolution;Photomultipliers;Positron emission tomography;Signal resolution;Silicon;Testing;Time measurement}, 
	doi={10.1109/NSSMIC.2004.1466693}, 
	ISSN={1082-3654}, 
	month={Oct}
}

@article{Bogdanov-etal2016,
	author={A G Bogdanov and N S Barbashina and L I Dushkin and V V Kindin and R P Kokoulin and 
		K G Kompaniets and G Mannocchi and A A Petrukhin and E V Romanenkova and O Saavedra 
		and G Trinchero and V A Khomyakov and S S Khokhlov and D V Chernov and V V
		Shutenko and E A Yurina and I I Yashin},
	title={Investigation of the energy characteristics of EAS muon component with the NEVOD-DECOR setup},
	journal={Journal of Physics: Conference Series},
	volume={675},
	number={3},
	pages={032035},
	url={http://stacks.iop.org/1742-6596/675/i=3/a=032035},
	year={2016}
}

@article{Pla-etal2001,
	title = "Low-cost extruded plastic scintillator ",
	journal = "Nuclear Instruments and Methods in Physics Research 
		Section A: Accelerators, Spectrometers, Detectors and 
		Associated Equipment ",
	volume = "466",
	number = "3",
	pages = "482 - 491",
	year = "2001",
	note = "",
	issn = "0168-9002",
	doi = "http://dx.doi.org/10.1016/S0168-9002(01)00177-2",
	url = "http://www.sciencedirect.com/science/article/pii/S0168900201001772",
	author = "Anna Pla-Dalmau and Alan D. Bross and Kerry L. Mellott",
	keywords = "Scintillation",
	keywords = "Neutrino detector",
	keywords = "Calorimeter "
}

@article{amiga-etal2016,
	author={A. Aab and P. Abreu and M. Aglietta and E.J. Ahn and 
		I. Al Samarai and I.F.M. Albuquerque and I. Allekotte 
		and P. Allison and A. Almela and J. Alvarez Castillo 
		and J. Alvarez-Muñiz and R. Alves Batista and M. 
		Ambrosio and A. Aminaei and G.A. Anastasi and L.
		Anchordoqui and B. Andrada and S. Andringa and C. 
		Aramo and F. Arqueros and N. Arsene and H. Asorey and 
		P. Assis and J. Aublin and G. Avila and N. Awal and 
		A.M. Badescu and C. Baus and J.J. Beatty and K.H. 
		Becker and J.A. Bellido and C. Berat and M.E. Bertaina 
		and X. Bertou and P.L. Biermann and P. Billoir and 
		S.G. Blaess and A. Blanco and M. Blanco and J. Blazek 
		and C. Bleve and H. Blümer and M. Boh\'acov\'a and 
		D. Boncioli and C. Bonifazi and N. Borodai and 
		A.M. Botti and J. Brack and I. Brancus and T. Bretz 
		and A. Bridgeman and P. Brogueira and P. Buchholz 
		and A. Bueno and S. Buitink and M. Buscemi and 
		K.S. Caballero-Mora and B. Caccianiga and 
		L. Caccianiga and M. Candusso and L. Caramete and 
		R. Caruso and A. Castellina and G. Cataldi and L. Cazon 
		and R. Cester and A.G. Chavez and A. Chiavassa and 
		J.A. Chinellato and J. Chudoba and M. Cilmo and 
		R.W. Clay and G. Cocciolo and R. Colalillo and A. Coleman 
		and L. Collica and M.R. Coluccia and R. Concei\c\~ao and 
		F. Contreras and M.J. Cooper and A. Cordier and S. Coutu and C.E.
	  	Covault and J. Cronin and R. Dallier and B. Daniel 
		and S. Dasso and K. Daumiller and B.R. Dawson and 
		R.M. de Almeida and S.J. de Jong and G. De Mauro and 
		J.R.T. de Mello Neto and I. De Mitri and J. de Oliveira 
		and V. de Souza and L. del Peral and O. Deligny and 
		N. Dhital and C. Di Giulio and A. Di Matteo and J.C. Diaz 
		and M.L. D\'iaz Castro and F. Diogo and C. Dobrigkeit and W.
	 	Docters and J.C. D'Olivo and A. Dorofeev and Q. Dorosti 
		Hasankiadeh and R.C. dos Anjos and M.T. Dova and J. Ebr 
		and R. Engel and M. Erdmann and M. Erfani and C.O. Escobar 
		and J. Espadanal and A. Etchegoyen and H. Falcke and 
		K. Fang and G. Farrar and A.C. Fauth and N. Fazzini and 
		A.P. Ferguson and B. Fick and J.M. Figueira and A. Filevich 
		and A. Filipcic and O. Fratu and M.M. Freire and T. Fujii and A.
	  	Fuster and F. Gallo and B. Garc\'ia and D. Garc\'ia-G\'amez 
		and D. Garcia-Pinto and F. Gate and H. Gemmeke and 
		A. Gherghel-Lascu and P.L. Ghia and U. Giaccari and 
		M. Giammarchi and M. Giller and D. Glas and C. Glaser and 
		H. Glass and G. Golup and M. G\'omez Berisso and 
		P.F. G\'omez Vitale and N. Gonz\'alez and B. Gookin and 
		J. Gordon and A. Gorgi and P. Gorham and P. Gouffon and 
		N. Griffith and A.F. Grillo and T.D. Grubb and 
		F. Guarino and G.P. Guedes and M.R. Hampel and 
		P. Hansen and D. Harari and T.A. Harrison and S. Hartmann 
		and J.L. Harton and A. Haungs and T. Hebbeker and 
		D. Heck and P. Heimann and A.E. Hervé and G.C. Hill 
		and C. Hojvat and N. Hollon and E. Holt and P. Homola 
		and J.R. H\"orandel and P. Horvath and M. Hrabovsk\'y and 
		D. Huber and T. Huege and A. Insolia and P.G. Isar and 
		I. Jandt and S. Jansen and C. Jarne and J.A. Johnsen and 
		M. Josebachuili and A. K\"a\"ap\"a and O. Kambeitz and 
		K.H. Kampert and P. Kasper and I. Katkov and B. Keilhauer 
		and E. Kemp and R.M. Kieckhafer and H.O. Klages and 
		M. Kleifges and J. Kleinfeller and R. Krause and 
		N. Krohm and D. Kuempel and G. Kukec Mezek and N. Kunka 
		and A.W. Kuotb Awad and D. LaHurd and L. Latronico and 
		R. Lauer and M. Lauscher and P. Lautridou and S. Le Coz 
		and D. Lebrun and P. Lebrun and M.A. Leigui de Oliveira and 
		A. Letessier-Selvon and I. Lhenry-Yvon and K. Link and 
		L. Lopes and R. L\'opez and A. L\'opez Casado and 
		K. Louedec and A. Lucero and M. Malacari and M. Mallamaci 
		and J. Maller and D. Mandat and P. Mantsch and A.G. Mariazzi},
	    title={Prototype muon detectors for the AMIGA component of 
		    the Pierre Auger Observatory},
	    journal={Journal of Instrumentation},
	    volume={11},
	    number={02},
	    pages={P02012},
	    url={http://stacks.iop.org/1748-0221/11/i=02/a=P02012},
	    year={2016}
}

@ARTICLE{Uzunyan-etal2014,
	author = {{Uzunyan}, S. A. and {Blazey}, G. and {Boi}, S. and {Coutrakon}, G. and 
		{Dyshkant}, A. and {Erdelyi}, B. and {Hedin}, D. and {Johnson}, E. and 
		{Krider}, J. and {Rykalin}, V. and {Zutshi}, V. and {Ford}, R. and 
		{Sellberg}, G. and {Rauch}, J. E. and {Roman}, M. and {Rubinov}, P. and 
		{Wilson}, P. and {Naimuddin}, M.},
	title = "{A New Proton CT Scanner}",
	journal = {ArXiv e-prints},
	archivePrefix = "arXiv",
	eprint = {1409.0049},
	primaryClass = "physics.ins-det",
	keywords = {Physics - Instrumentation and Detectors, Physics - Medical Physics},
	year = 2014,
	month = aug,
	adsurl = {http://adsabs.harvard.edu/abs/2014arXiv1409.0049U},
	adsnote = {Provided by the SAO/NASA Astrophysics Data System}
}

@misc{HamamatsuSipmPhy,
	author = {Slawomir, P. and Hamamatsu Corporation and New Jersey Institute 
		of Technology},
	title = {Physics and operation of an MPPC},
	url = "http://www.hamamatsu.com/us/en/community/optical\_sensors/sipm/physics\_
		of\_mppc/index.html",
	urldate = {2014},
	year = {2014}
}

@article{Eckert-etal2010,
	title = "Characterisation studies of silicon photomultipliers ",
	journal = "Nuclear Instruments and Methods in Physics Research 
		Section A: Accelerators, Spectrometers, Detectors and 
		Associated Equipment ",
	volume = "620",
	number = "2-3",
	pages = "217-226",
	year = "2010",
	note = "",
	issn = "0168-9002",
	doi = "http://dx.doi.org/10.1016/j.nima.2010.03.169",
	url = "http://www.sciencedirect.com/science/article/pii/S0168900210008156",
	author = "Patrick Eckert and Hans-Christian Schultz-Coulon and 
		Wei Shen and Rainer Stamen and Alexander Tadday",
	keywords = "Silicon photomultiplier",
	keywords = "Multi pixel photon counter",
	keywords = "Geiger mode avalanche photodiode",
	keywords = "Photon detection efficiency "
}

@misc{kuraray-fiber,
	author = {Kuraray},
	title = {Plastic Scintillating Fibers (Materials and 
		Structures)},
	url = {Plastic Scintillating Fibers (Materials and Structures)}
}

@inproceedings{icrc2015-suarez,
	author = "Suárez-Durán, M. and Núñez, L.A. and Sarmiento, C. and Asorey, H.and Peréz, Y. and Dasso, S.",
	title = "{The LAGO Space Weather Program: Directional Geomagnetic 
		Effects, Background Fluence Calculations and Multi-Spectral 
		Data Analysis}",
	booktitle = "ICRC 2015 Id. ICRC2015\_142",
	url = "http://pos.sissa.it/archive/conferences/236/142/ICRC2015\_142.pdf",
	journal = "PoS",
	volume = "ICRC2015",
	year = "2015"
}

@inproceedings{icrc2015-lago,
	author = "Alvarez, W. ",
	title = "{The Latin American Giant Observatory: Contributions to
		the 34th International Cosmic Ray Conference (ICRC 2015)}",
	collaboration = "LAGO",
	url = "https://inspirehep.net/record/1456747/files/arXiv:1605.02151.pdf",
	year = "2016",
	booktitle = "34th International Cosmic Ray Conference",
	eprint = "1605.02151",
	archivePrefix = "arXiv",
	primaryClass = "astro-ph.IM"
}

@article{Allard-etal2008,
	title = "Use of water-Cherenkov detectors to detect Gamma Ray Bursts 
		at the Large Aperture {GRB} Observatory (LAGO)",
	journal = "Nuclear Instruments and Methods in Physics Research 
		Section A: Accelerators, Spectrometers, Detectors and 
		Associated Equipment ",
	volume = "595",
	number = "1",
	pages = "70 - 72",
	year = "2008",
	note = "{RICH} 2007Proceedings of the Sixth International Workshop 
		on Ring Imaging Cherenkov Detectors ",
	issn = "0168-9002",
	doi = "http://dx.doi.org/10.1016/j.nima.2008.07.041",
	url = "http://www.sciencedirect.com/science/article/pii/S0168900208009443",
	author = "D. Allard and I. Allekotte and C. Alvarez and H. Asorey and H. Barros 
		and X. Bertou and O. Burgoa and M. Gomez Berisso and O. Martínez 
		and P. Miranda Loza and T. Murrieta and G. Perez and H. Rivera and 
		A. Rovero and O. Saavedra and H. Salazar and J.C. Tello and 
		R. Ticona Peralda and A. Velarde and L. Villaseñor",
	keywords = "GRB",
	keywords = "Cherenkov",
	keywords = "LAGO "
}

@article{Allekotte-etal2008,
	title = "The surface detector system of the Pierre Auger Observatory ",
	journal = "Nuclear Instruments and Methods in Physics Research Section A:
	       	Accelerators, Spectrometers, Detectors and Associated Equipment ",
	volume = "586",
	number = "3",
	pages = "409 - 420",
	year = "2008",
	note = "",
	issn = "0168-9002",
	doi = "http://dx.doi.org/10.1016/j.nima.2007.12.016",
	url = "http://www.sciencedirect.com/science/article/pii/S0168900207024680",
	author = "I. Allekotte and A.F. Barbosa and P. Bauleo and C. Bonifazi and 
		B. Civit and C.O. Escobar and B. García and G. Guedes and 
		M. Gómez Berisso and J.L. Harton and M. Healy and M. Kaducak and 
		P. Mantsch and P.O. Mazur and C. Newman-Holmes and I. Pepe and 
		I. Rodriguez-Cabo and H. Salazar and N. Smetniansky-De Grande 
		and D. Warner",
	keywords = "Pierre Auger Observatory",
	keywords = "High-energy cosmic rays",
	keywords = "Surface detector array",
	keywords = "Water-Cherenkov detectors"
}


@article{Lesparre-etal2012-gji,
	author = {Lesparre, N. and Gibert, D. and Marteau, J. 
		and Komorowski, J.C. and Nicollin, F. 
			and Coutant, O.},
	title = {Density muon radiography of La Soufri\`ere of Guadeloupe volcano: 
		comparison with geological, electrical resistivity and gravity 
			data},
	journal = {Geophysical Journal International},
	volume = {190},
	number = {2},
	publisher = {Blackwell Publishing Ltd},
	issn = {1365-246X},
	url = {http://dx.doi.org/10.1111/j.1365-246X.2012.05546.x},
	doi = {10.1111/j.1365-246X.2012.05546.x},
	pages = {1008--1019},
	keywords = {Tomography, Gravity anomalies and Earth structure, Electrical 
		properties, Hydrothermal systems, Volcano monitoring, Volcanic 
			hazards and risks},
	year = {2012}
}

@article{Carbone-etal2014,
	author = {Carbone, D. and Gibert, D. and Marteau, J. 
		and Diament, M. and Zuccarello, L. 
			and Galichet, E.}, 
	title = {An experiment of muon radiography at Mt Etna (Italy)},
	volume = {196}, 
	number = {2}, 
	pages = {633-643}, 
	year = {2014}, 
	doi = {10.1093/gji/ggt403}, 
	URL = {http://gji.oxfordjournals.org/content/196/2/633.abstract}, 
	eprint = {http://gji.oxfordjournals.org/content/196/2/633.full.pdf+html}, 
	journal = {Geophysical Journal International}
}

@article{Beringer-etal2012,
	title = {Review of Particle Physics*},
	author = {Beringer, J. and Arguin, J. -F. and Barnett, R. M. 
		and Copic, K. and Dahl, O. and Groom, D. E. and Lin, C. -J. 
			and Lys, J. and Murayama, H. and Wohl, C. G.},
	collaboration = {Particle Data Group},
	journal = {Phys. Rev. D},
	volume = {86},
	issue = {1},
	pages = {010001},
	numpages = {1528},
	year = {2012},
	month = {Jul},
	publisher = {American Physical Society},
	doi = {10.1103/PhysRevD.86.010001},
	url = {http://link.aps.org/doi/10.1103/PhysRevD.86.010001}
}

@misc{maroc-omega,
	author = {{Omega:} microelectronics for physics and medical 
		imaging},
	title = {{MAROC} Front-end Chip},
	url = "http://omega.in2p3.fr/index.php/products/maroc-front-end-chip.html",
	urldate = {2016},
	year = {2016}
}

@article{Blin-etal2010,
	author={S Blin and P Barrillon and C de La Taille},
	title={MAROC, a generic photomultiplier readout chip},
	journal={Journal of Instrumentation},
	volume={5},
	number={12},
	pages={C12007},
	url={http://stacks.iop.org/1748-0221/5/i\=12/a\=C12007},
	year={2010},
}

@phdthesis{Barreira-phd2014,
	author = {Ricardo Jorge Barreira Luz},
	school = {T\'ecnico Lisboa},	
	title = {{Development of a data acquisition system based on 
		the family of ASICs ROC}},
	type = {Tesis},
	year = {2014}
}

@Inbook{Saha2006,
	author="Saha, Gopal B.",
	title="Scintillation and Semiconductor Detectors",
	bookTitle="Physics and Radiobiology of Nuclear Medicine",
	year="2006",
	publisher="Springer New York",
	address="New York, NY",
	pages="81--107",
	isbn="978-0-387-36281-6",
	doi="10.1007/978-0-387-36281-6_8",
	url="http://dx.doi.org/10.1007/978-0-387-36281-6\_8"
}

@inproceedings{klett-etal2006,
	author="Klett, A. and Haefner, P. and Reuter, W.",
	title="Comparison of scintillation and gas filled 
		detectors for contamination monitoring",
	booktitle="European IRPA congress on radiation protection",
	url="https://inis.iaea.org/search/search.aspx?orig\_q=RN:39075332",
	year="2006"
}

@INPROCEEDINGS{Worstell-etal1994,
	author={W. Worstell and S. Doulas and O. Johnson and 
		Cheng-Ju Lin}, 
	booktitle={Nuclear Science Symposium and Medical 
		Imaging Conference, 1994., 1994 IEEE Conference Record}, 
	title={Scintillator crystal readout with wavelength-shifting 
		optical fibers}, 
	year={1994}, 
	volume={4}, 
	pages={1869-1873 vol.4}, 
	doi={10.1109/NSSMIC.1994.474701}, 
	month={Oct}
}

@misc{saint-gobain-fiber,
	author = {Saint-Gobain Ceramics and Plastics Inc.},	
	title = {Scintillation products, scintillating optical 
		fibers specification datasheet.},
	url = "http://www.ihep.ac.cn/english/conference/icrc2011/paper/proc/v4/v4\_0008.pdf",
	urldate = {2005},
	year = {2005}
}

@article{lesparre-etal2012-gim,
	title = {{Design and operation of a field telescope for cosmic ray 
		geophysical tomography}},
	author = {Lesparre, N. and Marteau, J. and D{\'e}clais, Y. and Gibert, 
		D. and Carlus, B. and Nicollin, F. and Kergosien, 
		B.},
	url = {https://hal-insu.archives-ouvertes.fr/insu-00814367},
	journal = {{Geoscientific Instrumentation Methods and Data Systems}},
	hal_local_reference = {PL03081},
	volume = {1},
	pages = {33-42},
	year = {2012},
	doi = {10.5194/gi-1-33-2012},
	pdf = {https://hal-insu.archives-ouvertes.fr/insu-00814367/file/PL03081.pdf},
	hal_id = {insu-00814367},
	hal_version = {v1}
}

@misc{HamamatsuSipmMeasu,
	author = {Slawomir P. and Hamamatsu Corporation and New Jersey Institute 
		of Technology},
	title = {Measuring the electrical and optical properties of an MPPC},
	url = "http://www.hamamatsu.com/jp/en/community/optical\_sensors/sipm/
		measuring\_mppc/index.html",
	urldate = {2014},
	year = {2014}
}

@misc{HamamatsuSipm13360s,
	author = {{Hamamatsu Photonics K.K., Solid State Division}},
	title = {Multi-Pixel Photon Counter: S13360 Serires},	
	url = "http://www.hamamatsu.com/resources/pdf/ssd/s13360\_
		series\_kapd1052e.pdf",
	urldate = {2016},
	year = {2016}
}

@misc{HamamatsuSipm12571s,
	author = {{Hamamatsu Photonics K.K., Solid State Division}},
	title = {Multi-Pixel Photon Counter: S12751-025, -050, -100C/P},	
	url = "http://www.hamamatsu.com/resources/pdf/ssd/s12751-025\_etc\_kapd1042e.pdf",
	urldate = {2015},
	year = {2015}
}

@article{Rosado-Hidalgo2015,
	author={J. Rosado and S. Hidalgo},
	title={Characterization and modeling of crosstalk and afterpulsing in 
		Hamamatsu silicon photomultipliers},
	journal={Journal of Instrumentation},
	volume={10},
	number={10},
	pages={P10031},
	url={http://stacks.iop.org/1748-0221/10/i=10/a=P10031},
	year={201}
}

@article{Tanaka2013,
	title = "Proceedings of the IV International Conference on Particle and 
		Fundamental Physics in Space: Subsurface density mapping of the 
		earth with cosmic ray muons",
	journal = "Nuclear Physics B - Proceedings Supplements",
	volume = "243",
	number = "",
	pages = "239 - 248",
	year = "2013",
	note = "",
	issn = "0920-5632",
	doi = "http://dx.doi.org/10.1016/j.nuclphysbps.2013.09.020",
	url = "http://www.sciencedirect.com/science/article/pii/S0920563213005446",
	author = "Roberto Battiston and Sergio Bertolucci and H.K.M. Tanaka",
	keywords = "muography",
	keywords = "cosmic ray muon",
	keywords = "radiography",
	keywords = "volcano"
}

@article{Ambrosino-etal2014,
	author={F Ambrosino and A Anastasio and D Basta and L Bonechi and M Brianzi 
		and A Bross and S Callier and A Caputo and R Ciaranfi and L Cimmino 
		and R D'Alessandro and L D'Auria and C de La Taille and S Energico 
		and F Garufi and F Giudicepietro and A Lauria and G Macedonio and 
		M Martini and V Masone and C Mattone and M C Montesi and P Noli and 
		M Orazi and G Passeggio and R Peluso and A Pla-Dalmau and L Raux 
		and P Rubinov and G Saracino and E Scarlini and G Scarpato and 
		G Sekhniaidze and O Starodubtsev and P Strolin and A Taketa and 
		H.K.M. Tanaka and A Vanzanella and L Viliani},
	title={The MU-RAY project: detector technology and first data from Mt. Vesuvius},
	journal={Journal of Instrumentation},
	volume={9},
	number={02},
	pages={C02029},
	url={http://stacks.iop.org/1748-0221/9/i=02/a=C02029},
	year={2014}
}

@article{Filevich-etal1999,
	title = "Spectral-directional reflectivity of Tyvek immersed in water ",
	journal = "Nuclear Instruments and Methods in Physics Research Section A: 
		Accelerators, Spectrometers, Detectors and Associated Equipment ",
	volume = "423",
	number = "1",
	pages = "108 - 118",
	year = "1999",
	note = "",
	issn = "0168-9002",
	doi = "http://dx.doi.org/10.1016/S0168-9002(98)01194-2",
	url = "http://www.sciencedirect.com/science/article/pii/S0168900298011942",
	author = "A. Filevich and P. Bauleo and H. Bianchi and J. Rodrı́guez 
		Martino and G. Torlasco",
	keywords = "Auger project",
	keywords = "Tyvek reflectivity",
	keywords = "Cherenkov-effect detectors "
}

@misc{hamamatsupmt2007,
	author = {{Hamamatsu photonics k.k.}},
	title = {photomultiplier tubes: basics and 
		applications},	
	url = "https://www.hamamatsu.com/resources/pdf/etd/pmt\_handbook\_v3ae.pdf",
	urldate = {2007},
	year = {2007}
}

@article{SofoHaro-etal2016,
	title = "The data acquisition system of the Latin 
		American Giant Observatory (LAGO)",
	journal = "Nuclear Instruments and Methods in Physics 
		Research Section A: Accelerators, 
	Spectrometers, Detectors and Associated Equipment ",
	volume = "820",
	number = "",
	pages = "34 - 39",
	year = "2016",
	note = "",
	issn = "0168-9002",
	doi = "http://dx.doi.org/10.1016/j.nima.2016.02.101",
	url = "http://www.sciencedirect.com/science/article/pii/S016890021630016X",
	author = "M. Sofo Haro and L.H. Arnaldi and W. Alvarez 
		and C. Alvarez and C. Araujo and O. Areso and
	       	H. Arnaldi and H. Asorey and M. Audelo and 
		H. Barros and X. Bertou and M. Bonnett and 
		R. Calderon and M. Calderon and A. Campos-Fauth 
		and A. Carramiñana and E. Carrasco and E. Carrera and D. Cazar and E. Cifuentes and D. Cogollo and R. Conde and J. Cotzomi and S. Dasso and A. De Castro and J. De La Torre and R. De León and A. Estupiñan and A. Galindo and L. Garcia and M. Gómez Berisso and M. González and W. Guevara and A.M. Gulisano and H. Hernández and A. Jaimes and J. López and C. Mantilla and R. Martín and A. Martinez-Mendez and O. Martínez and E. Martins and J.J. Masías-Meza and R. Mayo-García and T. Melo and J. Mendoza and P. Miranda and E. Montes and E. Morales and I. Morales and E. Moreno and C. Murrugarra and C. Nina and L.A. Núñez and A. Núñez-Castiñeyra and L. Otiniano and J. Peña-Rodríguez and J. Perenguez and H. Pérez and Y. Perez and G. Perez and S. Pinilla-Velandia and E. Ponce and R. Quishpe and F. Quispe and K. Reyes and H. Rivera and J. Rodriguez and M. Rodríguez-Pascual and M. Romero and A.J. Rubio-Montero and H. Salazar and J. Salinas and C. Sarmiento-Cano and I. Sidelnik and M. Sofo Haro and M. Suárez-Durán and M. Subieta and J. Tello and R. Ticona and I. Torres and L. Torres-Niño and J. Truyenque and M. Valencia-Otero and S. Vargas and N. Vásquez and L. Villasenor and M. Zamalloa and L. Zavala",
	keywords = "Data acquisition",
	keywords = "Field-programmable gate arrays (FPGAs)",
	keywords = "High-speed electronics",
	keywords = "Photomultipliers",
	keywords = "Preamplifiers",
	keywords = "Cosmic rays"
}

@article{Tanaka2007,
	title = "Development of an emulsion imaging system for cosmic-ray 
		muon radiography to explore the internal structure of a 
		volcano, Mt. Asama ",
	journal = "Nuclear Instruments and Methods in Physics Research 
		Section A: Accelerators, Spectrometers, Detectors and 
		Associated Equipment ",
	volume = "575",
	number = "3",
	pages = "489 - 497",
	year = "2007",
	note = "",
	issn = "0168-9002",
	doi = "http://dx.doi.org/10.1016/j.nima.2007.02.104",
	url = "http://www.sciencedirect.com/science/article/pii/S0168900207004561",
	author = "Tanaka, H.K.M. and Nakano, T. and Takahashi, S. and Yoshida, J. 
		and Niwa, K.",
	keywords = "Cosmic-ray muon",
	keywords = "Radiography",
	keywords = "Volcano",
	keywords = "Emulsion cloud chamber"
}

@ARTICLE{deAsmundis2007, 
	author={R. de Asmundis and P. Avella and F. Toglia}, 
	journal={IEEE Transactions on Nuclear Science}, 
	title={Using RPC Detectors as Cosmic Rays Monitor}, 
	year={2007}, 
	volume={54}, 
	number={3}, 
	pages={670-676}, 
	doi={10.1109/TNS.2007.895505}, 
	ISSN={0018-9499}, 
	month={June}
}

@article{Giomataris2006,
	title = "Micromegas in a bulk",
	journal = "Nuclear Instruments and Methods in Physics Research 
		Section A: Accelerators, Spectrometers, Detectors and 
		Associated Equipment ",
	volume = "560",
	number = "2",
	pages = "405 - 408",
	year = "2006",
	note = "",
	issn = "0168-9002",
	doi = "http://dx.doi.org/10.1016/j.nima.2005.12.222",
	url = "http://www.sciencedirect.com/science/article/pii/S0168900205026501",
	author = "I. Giomataris and R. De Oliveira and S. Andriamonje 
		and S. Aune and G. Charpak and P. Colas and G. Fanourakis 
		and E. Ferrer and A. Giganon and Ph. Rebourgeard and P. Salin",
	keywords = "Micromegas",
	keywords = "Bulk",
	keywords = "Large area",
	keywords = "Robust "
}

@Article{Macedonio-Martini2010,
	author="Macedonio, G. and Martini, M.",
	title="Motivations for muon radiography of active volcanoes",
	journal="Earth, Planets and Space",
	year="2010",
	volume="62",
	number="2",
	pages="139--143",
	issn="1880-5981",
	doi="10.5047/eps.2009.03.005",
	url="http://dx.doi.org/10.5047/eps.2009.03.005"
}

@ARTICLE{Tanaka-etal2007c,
	author = {{Tanaka}, H.K.M. and {Nakano}, T. and {Takahashi}, S. 
		and {Yoshida}, J. and {Takeo}, M. and {Oikawa}, J. 
		and {Ohminato}, T. and {Aoki}, Y. and {Koyama}, E. 
		and {Tsuji}, H. and {Niwa}, K.},
	title = "{High resolution imaging in the inhomogeneous crust with 
		cosmic-ray muon radiography: The density structure below 
		the volcanic crater floor of Mt. Asama, Japan}",
	journal = {Earth and Planetary Science Letters},
	year = 2007,
	month = nov,
	volume = 263,
	pages = {104-113},
	doi = {10.1016/j.epsl.2007.09.001},
	adsurl = {http://adsabs.harvard.edu/abs/2007E\%26PSL.263..104T},
	adsnote = {Provided by the SAO/NASA Astrophysics Data System}
}

@Article{Jourde-etal2015,
	AUTHOR = {Jourde, K. and Gibert, D. and Marteau, J.},
	TITLE = {Improvement of density models of geological structures by 
		fusion of gravity data and cosmic muon radiographies},
	JOURNAL = {Geoscientific Instrumentation, Methods and Data Systems},
	VOLUME = {4},
	YEAR = {2015},
	NUMBER = {2},
	PAGES = {177--188},
	URL = {http://www.geosci-instrum-method-data-syst.net/4/177/2015/},
	DOI = {10.5194/gi-4-177-2015}
}

@article {Nishiyama-etal2014,
	author = {Nishiyama, R. and Tanaka, Y. and Okubo, S. and Oshima, H. 
		and Tanaka, H.K.M. and Maekawa, T.},
	title = {Integrated processing of muon radiography and gravity 
		anomaly data toward the realization of high-resolution 3-D 
		density structural analysis of volcanoes: Case study of 
		Showa-Shinzan lava dome, Usu, Japan},
	journal = {Journal of Geophysical Research: Solid Earth},
	volume = {119},
	number = {1},
	issn = {2169-9356},
	url = {http://dx.doi.org/10.1002/2013JB010234},
	doi = {10.1002/2013JB010234},
	pages = {699--710},
	keywords = {Gravity methods, Integrations of techniques, Gravity 
		anomalies and Earth structure, Volcano monitoring, gravity, 
		muon radiography, 3-D density structure, lava dome, Usu},
	year = {2014},
}


@ARTICLE{Okubo-etal2012,
	author = {{Okubo}, S. and {Tanaka}, H.K.M.},
	title = "{Imaging the density profile of a volcano interior with 
		cosmic-ray muon radiography combined with classical 
		gravimetry}",
	journal = {Measurement Science and Technology},
	year = 2012,
	month = apr,
	volume = 23,
	number = 4,
	eid = {042001},
	pages = {042001},
	doi = {10.1088/0957-0233/23/4/042001},
	adsurl = {http://adsabs.harvard.edu/abs/2012MeScT..23d2001O},
	adsnote = {Provided by the SAO/NASA Astrophysics Data System}
}

@article{Fujii-etal2013,
	author = {Fujii, H. and Hara, K. and Hashimoto, S. and Ito, F. 
		and Kakuno, H. and Kim, S.H. and Kochiyama, M. 
		and Nagamine, K. and Suzuki, A. and Takada, Y. 
		and Takahashi, Y. and Takasaki, F. and Yamashita, S.}, 
	title = {Performance of a remotely located muon radiography 
		system to identify the inner structure of a nuclear plant},
	volume = {2013}, 
	number = {7}, 
	year = {2013}, 
	doi = {10.1093/ptep/ptt046}, 
	URL = {http://ptep.oxfordjournals.org/content/2013/7/073C01.abstract}, 
	eprint = {http://ptep.oxfordjournals.org/content/2013/7/073C01.full.pdf+html}, 
	journal = {Progress of Theoretical and Experimental Physics} 
}

@ARTICLE{Tanaka-etal2012-gi,
	author = {{Tanaka}, H.K.M. and {Muraoka}, H.},
	title = "{Interpreting muon radiographic data in a fault zone: possible 
		application to geothermal reservoir detection and monitoring}",
	journal = {Geoscientific Instrumentation, Methods and Data Systems 
		Discussions},
	year = 2012,
	month = oct,
	volume = 2,
	pages = {875-891},
	doi = {10.5194/gid-2-875-2012},
	adsurl = {http://adsabs.harvard.edu/abs/2012GID.....2..875T},
	adsnote = {Provided by the SAO/NASA Astrophysics Data System}
}

@article{Morris-etal2012,
	author = "Morris, C. L. and Borozdin, K. and Bacon, J. 
		and Chen, E. and Luki\'c, Z. and Milner, E. 
		and Miyadera, H. and Perry, J. and Schwellenbach, D. 
		and Aberle, D. ",
	title = "Obtaining material identification with cosmic ray radiography",
	journal = "AIP Advances",
	year = "2012",
	volume = "2",
	number = "4", 
	eid = 042128,
	pages = "",
	url = "http://scitation.aip.org/content/aip/journal/adva/2/4/10.1063/1.4766179",
	doi = "http://dx.doi.org/10.1063/1.4766179"
}

@Article{Tanaka-etal2010eps,
	author="Tanaka, H.K.M. and Uchida, Tomohisa 
		and Tanaka, Manobu and Shinohara, Hiroshi and Taira, Hideaki",
	title="Development of a portable assembly-type cosmic-ray muon module for 
		measuring the density structure of a column of magma",
	journal="Earth, Planets and Space",
	year="2010",
	volume="62",
	number="2",
	pages="119--129",
	issn="1880-5981",
	doi="10.5047/eps.2009.06.003",
	url="http://dx.doi.org/10.5047/eps.2009.06.003"
}

@article{Schultz-etal2004,
	title = "Image reconstruction and material Z discrimination via cosmic 
		ray muon radiography ",
	journal = "Nuclear Instruments and Methods in Physics Research 
		Section A: Accelerators, Spectrometers, Detectors and Associated 
		Equipment ",
	volume = "519",
	number = "3",
	pages = "687 - 694",
	year = "2004",
	note = "",
	issn = "0168-9002",
	doi = "http://dx.doi.org/10.1016/j.nima.2003.11.035",
	url = "http://www.sciencedirect.com/science/article/pii/S0168900203028808",
	author = "L.J. Schultz and K.N. Borozdin and J.J. Gomez and G.E. Hogan 
		and J.A. McGill and C.L. Morris and W.C. Priedhorsky and A. Saunders 
		and M.E. Teasdale",
	keywords = "Cosmic rays",
	keywords = "Muons",
	keywords = "Radiography",
	keywords = "Tomography",
	keywords = "Contraband detection"
}

@article{Vitaly-etal2012,
	title = "Monitoring subsurface {CO2} emplacement and security of storage 
		using muon tomography ",
	journal = "International Journal of Greenhouse Gas Control ",
	volume = "11",
	number = "",
	pages = "21 - 24",
	year = "2012",
	note = "",
	issn = "1750-5836",
	doi = "http://dx.doi.org/10.1016/j.ijggc.2012.07.023",
	url = "http://www.sciencedirect.com/science/article/pii/S1750583612001806",
	author = "Kudryavtsev, V. A. and Spooner, N.J.C. and Gluyas, J. and Fung, C. and Coleman, M.",
	keywords = "Carbon capture",
	keywords = "Carbon storage monitoring",
	keywords = "Muon tomography",
	keywords = "Cosmic-ray muons"
}

@article{carloganu2013towards,
  title={Towards a muon radiography of the Puy de D{\^o}me},
  author={Carloganu, C. and Niess, V. and Bene, S. and Busato, E. and Dupieux, P. and Fehr, F. and Gay, P. and Miallier, D. and Vulpescu, B. and Boivin, P. },
  journal={Geoscientific Instrumentation, Methods and Data Systems},
  volume={2},
  pages={55--60},
  year={2013}
}



@article{Nagamine-etal1995,
	title = "Method of probing inner-structure of geophysical substance with 
		the horizontal cosmic-ray muons and possible application to volcanic 
		eruption prediction",
	journal = "Nuclear Instruments and Methods in Physics Research Section A: 
		Accelerators, Spectrometers, Detectors and Associated Equipment",
	volume = "356",
	number = "2",
	pages = "585 - 595",
	year = "1995",
	note = "",
	issn = "0168-9002",
	doi = "http://dx.doi.org/10.1016/0168-9002(94)01169-9",
	url = "http://www.sciencedirect.com/science/article/pii/0168900294011699",
	author = "Nagamine, K. and Iwasaki, M. and Shimomura, K. and Ishida, K."
}

@Article{Tanaka-etal2001hi,
	author="Tanaka, H.K.M. and Nagamine, K. and Kawamura, N. and Nakamura, S. N.
		and Ishida, K. and Shimomura, K.",
	title="Development of the Cosmic-Ray Muon Detection System for Probing 
		Internal-Structure of a Volcano",
	journal="Hyperfine Interactions",
	year="2001",
	volume="138",
	number="1",
	pages="521--526",
	issn="1572-9540",
	doi="10.1023/A:1020843100008",
	url="http://dx.doi.org/10.1023/A:1020843100008"
}

@article{Tanaka-etal2007epsl,
	title = "High resolution imaging in the inhomogeneous crust with cosmic-ray 
		muon radiography: The density structure below the volcanic crater 
		floor of Mt. Asama, Japan ",
	journal = "Earth and Planetary Science Letters ",
	volume = "263",
	number = "1-2",
	pages = "104 - 113",
	year = "2007",
	note = "",
	issn = "0012-821X",
	doi = "http://dx.doi.org/10.1016/j.epsl.2007.09.001",
	url = "http://www.sciencedirect.com/science/article/pii/S0012821X07005638",
	author = "Tanaka, H.K.M. and Nakano, T. and Takahashi, S. 
		and Yoshida, J. and Takeo, M. and Oikawa, J. and Ohminato, T. 
		and Aoki, Y. and Koyama, E. and Tsuji, H. ", 
	keywords = "cosmic-ray muon",
	keywords = "radiography",
	keywords = "emulsion cloud chamber",
	keywords = "volcano",
	keywords = "vulcanian eruption"
}

@article{Tanaka-etal2005nimprs,
	title = "Radiographic measurements of the internal structure of Mt. West 
		Iwate with near-horizontal cosmic-ray muons and future developments",
	journal = "Nuclear Instruments and Methods in Physics Research Section A: 
		Accelerators, Spectrometers, Detectors and Associated Equipment ",
	volume = "555",
	number = "1-2",
	pages = "164 - 172",
	year = "2005",
	note = "",
	issn = "0168-9002",
	doi = "http://dx.doi.org/10.1016/j.nima.2005.08.099",
	url = "http://www.sciencedirect.com/science/article/pii/S0168900205017547",
	author = "H.K.M. Tanaka and K. Nagamine and S.N. Nakamura and K. Ishida",
	keywords = "Cosmic ray",
	keywords = "Muon",
	keywords = "Volcano",
	keywords = "Radiography",
	keywords = "Tomography"
}

@ARTICLE{Tanaka-etal2007grl,
	author = {{Tanaka}, H.K.M. and {Nakano}, T. and {Takahashi}, S. and
		{Yoshida}, J. and {Ohshima}, H. and {Maekawa}, T. and {Watanabe}, H. 
		and {Niwa}, K.},
	title = "{Imaging the conduit size of the dome with cosmic-ray muons: The 
		structure beneath Showa-Shinzan Lava Dome, Japan}",
	journal = {Geophysical Research Letters},
	keywords = {Exploration Geophysics: Instruments and techniques, 
		Volcanology: Volcano monitoring (7280), Volcanology: Remote sensing 
		of volcanoes, Volcanology: Instruments and techniques},
	year = 2007,
	month = nov,
	volume = 34,
	eid = {L22311},
	pages = {L22311},
	doi = {10.1029/2007GL031389},
	adsurl = {http://adsabs.harvard.edu/abs/2007GeoRL..3422311T},
	adsnote = {Provided by the SAO/NASA Astrophysics Data System}
}

@misc{Beauducel-etal2008,
	author = {F. Beauducel and S. Buontempo and L. D`Auria and G. De Lellis 
	       and G. Festa and P. Gasparini and D. Gibert and G. Iacobucci and
	       N. Lesparre and A. Marotta},
	title = {Muon radiography of volcanoes and the challenge
		at mt. vesuvius},
	url = "http://www.academia.edu/22009842/Muon\_radiography\_of\_volcanoes\_
		and\_the\_challenge\_at\_Mt.\_Vesuvius",
	urldate = {2008},
	year = {2008}
}

@article{Tanaka-Yokoyama2008,
	title={Muon radiography and deformation analysis of the lava dome formed by 
		the 1944 eruption of Usu, Hokkaido - Contact between high-energy 
		physics and volcano physics -},
	author={Tanaka, H.K.M. and Yokoyama, I.},
	journal={Proceedings of the Japan Academy. Series B, Physical and biological 
	sciences},
	volume={84},
	number={4},
	pages={107},
	year={2008},
	publisher={The Japan Academy}
}

@article{Tanaka-etal2010wol,
	title={Three-dimensional computational axial tomography scan of a volcano 
		with cosmic ray muon radiography},
	author={Tanaka, H.K.M. and Taira, H. and Uchida, T. 
		and Tanaka, M. and Takeo, M. and Ohminato, T. 
		and Aoki, Y. and Nishitama, R. and Shoji, D. and Tsuiji, 
		H.},
	journal={Journal of Geophysical Research: Solid Earth (1978--2012)},
	volume={115},
	number={B12},
	year={2010},
	publisher={Wiley Online Library}
}

@inproceedings{Carloganu2011,
	author = {C\^{a}rloganu, C.},
	title = {Density imaging of volcanoes with atmospheric muons using GRPCs},
	booktitle = {International Europhysics Conference on High Energy Physics-HEP 2011},
  pages={5--p},
	year = {2011}
}

@article{Portal-etal2013,
	title={Inner structure of the Puy de D\^{o}me volcano: cross-comparison of 
		geophysical models (ERT, gravimetry, muon imaging)},
	author={Portal, A. and Labazuy, P. and L{\'e}nat, J.F. and B{\'e}n{\'e}, S. 
		and Boivin, P. and Busato, E. and C{\^{a}}rloganu, C. and Combaret, C. 
		and Dupieux, P. and Fehr, F. },
	journal={Geoscientific Instrumentation Methods and Data Systems},
	volume={2},
	pages={47--54},
	year={2013}
}


@article{Tanaka-etal2014nc,
	title={Radiographic visualization of magma dynamics in an erupting volcano},
	author={Tanaka, H.K.M. and Kusagaya, Taro and Shinohara, Hiroshi},
	journal={Nature communications},
	volume={5},
	year={2014},
	publisher={Nature Publishing Group}
}

@ARTICLE{adamson-etal2002,
	author={P. Adamson and K. Alexandrov and G. Alexeev and T. Alexopoulos and W. W. M. Allison and G. J. Alner and B. Anderson and D. F. Anderson and K. Anderson and C. Andreopoulos and C. Arroyo and D. Attree and E. Avignone and D. S. Ayres and B. Baller and B. Barsh and M. Barker and P. D. Barnes and W. L. Barrett and R. H. Bernstien and S. Bilenky and G. J. Bock and D. J. Boehnlein and D. Bogert and P. M. Border and C. Bower and E. Buckley-Geer and A. Byon-Wagner and T. R. Chase and S. Chernichenko and S. Childress and B. C. Choudhary and J. H. Cobb and A. Cohee and J. D. Cossairt and H. Courant and J. W. Dawson and D. DeMuth and P. J. Dervan and A. DeSanto and N. Diaczenko and M. V. Diwan and G. Drake and M. Drew and R. Ducar and T. Durkin and R. Edgecock and S. Eichblatt and A. Erwin and E. Falk Harris and G. J. Feldman and N. Felt and T. H. Fields and H. R. Gallagher and M. Gebhard and Y. Gilitsky and N. Giokaris and M. C. Goodman and Y. Gornushkin and N. Grossman and J. J. Grudzinski and V. J. Guarino and V. Gudkov and J. Guo and Y. Gutnikov and R. Halsall and J. Hanson and D. Harris and P. G. Harris and E. Hartouni and R. Hatcher and S. Hayden and R. Heinz and K. Heller and N. Hill and Q. H. Hu and T. Hu and J. Hylen and M. Ignatenko and G. Irwin and C. James and T. Joffe-Minor and T. Kafka and S. M. S. Kasahara and E. Katsavounidis and J. Kilmer and H. Y. Kim and V. Kochetkov and G. Koizumi and S. Kopp and M. Kordosky and D. Krakauer and Z. Krumstein and A. Kulik and Y. F. Lai and K. Lang and C. Laughton and R. LeBeau and A. Lebedev and R. Lee and P. J. Litchfield and J. Liu and N. P. Longley and P. Lucas and S. Madani and V. Makeev and W. A. Mann and A. Marchionni and M. L. Marshak and J. McDonald and J. R. Meier and E. Melnikov and G. I. Merzon and M. D. Messier and D. G. Michael and R. H. Milburn and L. Miller and W. H. Miller and S. R. Mishra and P. S. Miyagawa and J. Mofin and R. Morse and L. Mualem and S. Mufson and M. Murtagh and J. Musser and A. Napier and D. Naples and C. Nelson and J. K. Nelson and H. Newman and T. C. Nicholls and A. Nozdrin and J. Oliver and W. Oliver and A. Olshevski and V. Onuchin and V. Paolone and A. Para and T. Patzak and G. F. Pearce and N. Pearson and C. W. Peck and C. Perry and E. A. Peterson and D. A. Petyt and A. Pla-Dalmau and R. K. Plunkett and L. E. Price and D. R. Pushka and R. A. Rameika and A. L. Read and B. Rebel and C. Rosenfeld and K. Ruddick and V. A. Ryabov and R. Saakyan and A. Sadovski and M. Sanchez and N. Saoulidou and J. Schneps and P. V. Schoessow and V. Semenov and I. Shein and B. W. Sheng and A. Sisakian and W. Smart and V. Smirnitsky and C. Smith and P. N. Smith and V. Smotriaev and A. Soldatov}, 
	journal={IEEE Transactions on Nuclear Science}, 
	title={The MINOS scintillator calorimeter system}, 
	year={2002}, 
	volume={49}, 
	number={3}, 
	pages={861-863}, 
	keywords={Detectors;Electrons;Mesons;Neutrino 
		sources;Optical fiber testing;Photodetectors;
		Plastics;Spatial resolution;Strips}, 
	doi={10.1109/TNS.2002.1039579}, 
	ISSN={0018-9499}, 
	month={June}
}

@Article{Cooke-etal1991,
	author="Cooke, D. J. 
		and Humble, J. E.
		and Shea, M. A.
		and Smart, D. F.
		and Lund, N.
		and Rasmussen, I. L.
		and Byrnak, B.
		and Goret, P.
		and Petrou, N.",
	title="On cosmic-ray cut-off terminology",
	journal="Il Nuovo Cimento C",
	year="1991",
	volume="14",
	number="3",
	pages="213--234",
	issn="0390-5551",
	doi="10.1007/BF02509357",
	url="http://dx.doi.org/10.1007/BF02509357"
}





%% Aporte Referencias bibliograficas Andrei Jaimes Motta


@article{hess1912beobachtungen,
  title={{\"U}ber Beobachtungen der durchdringenden Strahlung bei sieben Freiballonfahrten},
  author={Hess, Victor Francis},
  journal={Z. Phys.},
  volume={13},
  pages={1084},
  year={1912}
}

@book{spurio2014particles,
  author={Spurio, M.},
  title={Particles and Astrophysics. A Multi-Messenger Approach},
  year={2015},
  publisher={Springer International Publishing}
  address   = {The address},
  isbn      = {978-3-319-08051-2}
}


@article{cronin1997cosmic,
  title={Cosmic rays at the energy frontier},
  author={Cronin, James W and Gaisser, Thomas K and Swordy, Simon P},
  journal={Scientific American},
  volume={276},
  number={1},
  pages={44--49},
  year={1997},
  publisher={New York: Munn \& Co.}
}


@article{rossi1964cosmic,
  title={Cosmic rays},
  author={Rossi, Bruno},
  year={1964},
  publisher={McGraw-Hill}
}


@phdthesis{Gonzalez-maestrando2012,
	author = {Gonz\'alez, M.},
	school = {Instituto Balseiro, Universidad Nacional de Cuyo,
		Comisi\'on Nacional de Enrg\'{\i}a At\'omica},
	title = {{Caracterizaci\'on de un detector de 
		centelleo para determinaci\'on de 
		composici\'on de rayos c\'osmicos primarios 
		en el observatorio Pierre Auger}},
	type = {Tesis de Maestria},
	year = {2012}
}

@article{mccusker1963new,
  title={A new method of recording large cosmic-ray air showers},
  author={McCusker, CBA and Winn, MM},
  journal={Il Nuovo Cimento (1955-1965)},
  volume={28},
  number={1},
  pages={175--178},
  year={1963},
  publisher={Springer}
}

@article{chiba1992akeno,
  title={Akeno giant air shower array (AGASA) covering 100 km 2 area},
  author={Chiba, N and Hashimoto, K and Hayashida, N and Honda, K and Honda, M and Inoue, N and Kakimoto, F and Kamata, K and Kawaguchi, S and Kawasumi, N },
  journal={Nuclear Instruments and Methods in Physics Research Section A: Accelerators, Spectrometers, Detectors and Associated Equipment},
  volume={311},
  number={1},
  pages={338--349},
  year={1992},
  publisher={Elsevier}
}

@article{linsley1961extremely,
  title={Extremely energetic cosmic-ray event},
  author={Linsley, John and Scarsi, Livio and Rossi, Bruno},
  journal={Physical Review Letters},
  volume={6},
  number={9},
  pages={485},
  year={1961},
  publisher={APS}
}

@inproceedings{diminstein1973further,
  title={The Further Development of the Yakutsk EAS Array and the Methodical Problems},
  author={Diminstein, AS and Glushkov, AV and Kaganov, LI and Maximov, SV and Mikhailov, AA and Pravdin, MI and Sokurov, VF and Yefimov, NN},
  booktitle={International Cosmic Ray Conference},
  volume={5},
  pages={3232},
  year={1973}
}

@inproceedings{aharonian1991system,
  title={A system of air Cherenkov telescopes in the HEGRA array},
  author={Aharonian, Felix A and Akhperjanian, AG and Kankanian, AS and Mirzoyan, RG and Stepanian, AA and M{\"u}ller, N and Samorski, M and Stamm, W and Bott-Bodenhausen, M and Lorenz, E },
  booktitle={International Cosmic Ray Conference},
  volume={2},
  pages={615},
  year={1991}
}


@incollection{grieder2010shower,
  title={Shower Detection Methods and Basic Event Reconstruction},
  author={Grieder, Peter KF},
  booktitle={Extensive Air Showers},
  pages={33--76},
  year={2010},
  publisher={Springer}
}


@article{borione1994large,
  title={A large air shower array to search for astrophysical sources emitting $\gamma$-rays with energies $\geq$ 1014 eV},
  author={Borione, A and Covault, CE and Cronin, JW and Fick, BE and Gibbs, KG and Krimm, HA and Mascarenhas, NC and McKay, TA and M{\"u}ller, D and Newport, BJ },
  journal={Nuclear Instruments and Methods in Physics Research Section A: Accelerators, Spectrometers, Detectors and Associated Equipment},
  volume={346},
  number={1-2},
  pages={329--352},
  year={1994},
  publisher={Elsevier}
}


@inproceedings{boothby1995dual,
  title={A Dual Imaging Cerenkov Experiment (DICE) for Examining Primary Composition near the Knee of the All Particle Spectrum},
  author={Boothby, K and Green, KD and Kieda, DB and Knapp, J and Larsen, CG and Swordy, SP},
  booktitle={International Cosmic Ray Conference},
  volume={3},
  pages={444},
  year={1995}
}

@article{cassidy1997casa,
  title={CASA-BLANCA: A Large Non-imaging Cherenkov Detector at CASA-MIA},
  author={Cassidy, M and Fortson, LF and Fowler, JW and Ong, RA and Jui, CH and Kieda, DB and Loh, EC and Sommers, P},
  journal={arXiv preprint astro-ph/9707038},
  year={1997}
}


@article{barker1967radio,
  title={Radio pulses from cosmic-ray air showers},
  author={Barker, PR and Hazen, WE and Hendel, AZ},
  journal={Physical Review Letters},
  volume={18},
  number={2},
  pages={51},
  year={1967},
  publisher={APS}
}

@inproceedings{horneffer2003lopes,
  title={LOPES detecting radio emission from cosmic ray air showers},
  author={Horneffer, A and Falcke, H and Haungs, A and Kampert, KH and Kant, GW and Schieler, H},
  booktitle={International Cosmic Ray Conference},
  volume={2},
  pages={969},
  year={2003}
}

%%va uno repetido

@article{dawson2007auger,
  title={Auger Collaboration: PICRC, pre-conference edition, paper 0976},
  author={Dawson, BR},
  journal={Merida, Mexico},
  year={2007}
}


@article{camin2004southern,
  title={The Southern Pierre Auger observatory: status and prospectives},
  author={Camin, Daniel V and Auger Collaboration },
  journal={Nuclear Instruments and Methods in Physics Research Section A: Accelerators, Spectrometers, Detectors and Associated Equipment},
  volume={518},
  number={1},
  pages={172--176},
  year={2004},
  publisher={Elsevier}
}


@ELECTRONIC{cor,
  author = {{Instituto Tecnológico de Karlsruhe (Karlsruher Institut für Technologie)}},
  year = {21 de {J}unio de 2016},
  title = {\texttt{https://web.ikp.kit.edu/corsika/movies/nchargedyx03.gif}}
}


@article{saracino2017imaging,
  title={Imaging of underground cavities with cosmic-ray muons from observations at Mt. Echia (Naples).},
  author={Saracino, G and Amato, L and Ambrosino, F and Antonucci, G and Bonechi, L and Cimmino, L and Consiglio, L and Alessandro, RD' and Luzio, E and Minin, G },
  journal={Scientific reports},
  volume={7},
  number={1},
  pages={1181},
  year={2017}
}

@Book {ClausBoris,
	title = {Particle Detectors},
	author = {C. Grupen and B. A. Shwartz},
	publisher = {Cambridge University Press},
	year = {2008}
}


@article{ThePierreAugerCollaboration2015172,
title = "The Pierre Auger Cosmic Ray Observatory ",
journal = "Nuclear Instruments and Methods in Physics Research Section A: Accelerators, Spectrometers, Detectors and Associated Equipment ",
volume = "798",
number = "",
pages = "172 - 213",
year = "2015",
note = "",
issn = "0168-9002",
doi = "https://doi.org/10.1016/j.nima.2015.06.058",
url = "http://www.sciencedirect.com/science/article/pii/S0168900215008086",
author = "The Pierre Auger Collaboration",
keywords = "Pierre Auger Observatory",
keywords = "High energy cosmic rays",
keywords = "Hybrid observatory",
keywords = "Water Cherenkov detectors",
keywords = "Air fluorescence detectors ",
abstract = "Abstract The Pierre Auger Observatory, located on a vast, high plain in western Argentina, is the world׳s largest cosmic ray observatory. The objectives of the Observatory are to probe the origin and characteristics of cosmic rays above 1017 eV and to study the interactions of these, the most energetic particles observed in nature. The Auger design features an array of 1660 water Cherenkov particle detector stations spread over 3000 km2 overlooked by 24 air fluorescence telescopes. In addition, three high elevation fluorescence telescopes overlook a 23.5 km2, 61-detector infilled array with 750 m spacing. The Observatory has been in successful operation since completion in 2008 and has recorded data from an exposure exceeding 40,000 km2 sr yr. This paper describes the design and performance of the detectors, related subsystems and infrastructure that make up the Observatory. "
}



@article{Geant4,
      author         = "Agostinelli, S. ",
      title          = "{GEANT4: A Simulation toolkit}",
      collaboration  = "GEANT4",
      journal        = "Nucl. Instrum. Meth.",
      volume         = "A506",
      year           = "2003",
      pages          = "250-303",
      doi            = "10.1016/S0168-9002(03)01368-8",
      reportNumber   = "SLAC-PUB-9350, FERMILAB-PUB-03-339",
      SLACcitation   = "%%CITATION = NUIMA,A506,250;%%"
}

@book{nagamine_2003, place={Cambridge}, title={Introductory Muon Science}, DOI={10.1017/CBO9780511470776}, publisher={Cambridge University Press}, author={Nagamine, K.}, year={2003}}

@phdthesis{VesgaRamirez2018,
	author = {Vesga-Ram\'irez A.},
	school = {Universidad Industrial de Santander},
	title = {{Inversión geofísica a partir de datos de muongrafía volcánica para Proyecto MuTe}},
	type = {Tesis de Maestr\'ia},
	year = {2018}
}

@phdthesis{JaimesMotta2018,
	author = {Jaimes-Motta, A.},
	school = {Universidad Industrial de Santander},
	title = {{Estimación de la respuesta de un detector Cherenkov de agua al fondo de rayos cósmicos en Bucaramanga(956 m s.n.m)}},
	type = {Tesis de Pregrado},
	year = {2018}
}

@phdthesis{SuarezDuran2016,
	author = {Suárez-Durán, M.},
	school = {Universidad Industrial de Santander},
	title = {{Detección de radiación cósmica usando centelladores plásticos}},
	type = {Monografía},
	year = {2016}
}

@phdthesis{PenaJesus2018,
	author = {{Pe\~na-Rodr\'iguez, J.}},
	school = {Universidad Industrial de Santander},
	title = {{Telescopio de muones para el estudio de estructuras volc\'anicas en Colombia}},
	type = {Monografía},
	year = {2018}
}


@article{morishima2017discovery,
  title={Discovery of a big void in Khufu’s Pyramid by observation of cosmic-ray muons},
  author={Morishima, K. and Kuno, M. and Nishio, A. and Kitagawa, N. and Manabe, Y. and Moto, M. and Takasaki, F. and Fujii, H. and Satoh, K. and Kodama, H. },
  journal={Nature},
  volume={552},
  number={7685},
  pages={386},
  year={2017},
  publisher={Nature Publishing Group}
}

@article{aguiar2015geant4,
  title={Geant4-GATE simulation of a large plastic scintillator for muon radiography},
  author={Aguiar, P. and Casarejos, E. and Silva-Rodr{\'\i}guez, J. and Vilan, J.A. and Iglesias, A.},
  journal={IEEE Transactions on Nuclear Science},
  volume={62},
  number={3},
  pages={1233--1238},
  year={2015},
  publisher={IEEE}
}

@article{tang2016large,
  title={A large area plastic scintillation detector with 4-corner-readout},
  author={Tang, S.W and Yu, Y.H. and Zhou, Y. and Sun, Z.Y. and Zhang, X.H. and Wang, S.T. and Yue, K. and Liu, L.X. and Fang, F. and Yan, D.},
  journal={Chinese Physics C},
  volume={40},
  number={5},
  pages={056001},
  year={2016},
  publisher={IOP Publishing}
}

@inproceedings{sehgal2016simulations,
  title={Simulations and Track Reconstruction for Muon Tomography using Resistive Plate Chambers},
  author={Sehgal, R. and Kashyap, V.K.S. and Kanungo, I. and Saxena, A. and Jain, A. and Jindal, A. and Singh, V. and Kanavi, P. and Sehgal, S.T. and Kekre, G. },
  booktitle={DAE Symp. Nucl. Phys.},
  volume={61},
  pages={1034--1035},
  year={2016}
}

@inproceedings{fehr2012density,
  title={Density imaging of volcanos with atmospheric muons},
  author={Fehr, F. and Tomuvol Collaboration},
  booktitle={Journal of Physics: Conference Series},
  volume={375},
  number={5},
  pages={052019},
  year={2012},
  organization={IOP Publishing}
}

@article{bouteille2016micromegas,
  title={A Micromegas-based telescope for muon tomography: The WatTo experiment},
  author={Bouteille, S. and Atti{\'e}, D. and Baron, P. and Calvet, D. and Magnier, P. and Mandjavidze, I. and Riallot, M. and Winkler, M.},
  journal={Nuclear Instruments and Methods in Physics Research Section A: Accelerators, Spectrometers, Detectors and Associated Equipment},
  volume={834},
  pages={223--228},
  year={2016},
  publisher={Elsevier}
}

@article{olah2018high,
  title={High-definition and low-noise muography of the Sakurajima volcano with gaseous tracking detectors},
  author={Ol{\'a}h, L. and Tanaka, H.K.M. and Ohminato, T. and Varga, D.},
  journal={Scientific reports},
  volume={8},
  number={1},
  pages={3207},
  year={2018},
  publisher={Nature Publishing Group}
}

@article{nagamine2016radiography,
  title={Radiography with cosmic-ray and compact accelerator muons; Exploring inner-structure of large-scale objects and landforms},
  author={Nagamine, K.},
  journal={Proceedings of the Japan Academy, Series B},
  volume={92},
  number={8},
  pages={265--289},
  year={2016},
  publisher={The Japan Academy}
}

@article{soter2014segmented,
  title={Segmented scintillation detectors with silicon photomultiplier readout for measuring antiproton annihilations},
  author={S{\'o}t{\'e}r, A. and Todoroki, K. and Kobayashi, T. and Barna, D. and Horv{\'a}th, D. and Hori, M.},
  journal={Review of Scientific Instruments},
  volume={85},
  number={2},
  pages={023302},
  year={2014},
  publisher={AIP}
}

@article{MuTeSites,
  title={Muon Tomography sites for Colombia volcanoes},
  author={Asorey, H. and Nú{\~n}ez, L.A. and Sanabria-Gómez, J.D. and Sarmiento-Cano, C. and Sierra-Porta, D. and Suárez-Durán, M. and Valencia-Otero, M. and Vesga-Ram{\'\i}rez, A.},
  journal={arXiv preprint arXiv:1705.09884},
  year={2017}
}

@article{asorey2018preliminary,
  title={Preliminary Results From the Latin American Giant Observatory Space Weather Simulation Chain},
  author={Asorey, H. and N{\'u}{\~n}ez, L.A. and Su{\'a}rez-Dur{\'a}n, M.},
  journal={Space Weather},
  volume={16},
  number={5},
  pages={461--475},
  year={2018},
  publisher={Wiley Online Library}
}

@phdthesis{CalderonArdila2018,
	author = {Calder\'on-Ardila, R.},
	school = {Universidad Industrial de Santander},
	title = {{Estudio de centelladores plásticos en el proyecto MuTe para muongrafía de volcanes}},
	type = {Tesis de Maestría},
	year = {en proceso}
}

@article{ALLISON2016186,
title = "Recent developments in Geant4",
journal = "Nuclear Instruments and Methods in Physics Research Section A: Accelerators, Spectrometers, Detectors and Associated Equipment",
volume = "835",
pages = "186 - 225",
year = "2016",
issn = "0168-9002",
doi = "https://doi.org/10.1016/j.nima.2016.06.125",
url = "http://www.sciencedirect.com/science/article/pii/S0168900216306957",
author = "J. Allison and K. Amako and J. Apostolakis and P. Arce and M. Asai and T. Aso and E. Bagli and A. Bagulya and S. Banerjee and G. Barrand and B.R. Beck and A.G. Bogdanov and D. Brandt and J.M.C. Brown and H. Burkhardt and Ph. Canal and D. Cano-Ott and S. Chauvie and K. Cho and G.A.P. Cirrone and G. Cooperman and M.A. Cortés-Giraldo and G. Cosmo and G. Cuttone and G. Depaola and L. Desorgher and X. Dong and A. Dotti and V.D. Elvira and G. Folger and Z. Francis and A. Galoyan and L. Garnier and M. Gayer and K.L. Genser and V.M. Grichine and S. Guatelli and P. Guèye and P. Gumplinger and A.S. Howard and I. Hřivnáčová and S. Hwang and S. Incerti and A. Ivanchenko and V.N. Ivanchenko and F.W. Jones and S.Y. Jun and P. Kaitaniemi and N. Karakatsanis and M. Karamitros and M. Kelsey and A. Kimura and T. Koi and H. Kurashige and A. Lechner and S.B. Lee and F. Longo and M. Maire and D. Mancusi and A. Mantero and E. Mendoza and B. Morgan and K. Murakami and T. Nikitina and L. Pandola and P. Paprocki and J. Perl and I. Petrović and M.G. Pia and W. Pokorski and J.M. Quesada and M. Raine and M.A. Reis and A. Ribon and A. Ristić Fira and F. Romano and G. Russo and G. Santin and T. Sasaki and D. Sawkey and J.I. Shin and I.I. Strakovsky and A. Taborda and S. Tanaka and B. Tomé and T. Toshito and H.N. Tran and P.R. Truscott and L. Urban and V. Uzhinsky and J.M. Verbeke and M. Verderi and B.L. Wendt and H. Wenzel and D.H. Wright and D.M. Wright and T. Yamashita and J. Yarba and H. Yoshida",
keywords = "High energy physics, Nuclear physics, Radiation, Simulation, Computing"
}

@article{nishiyama2014experimental,
  title={Experimental study of source of background noise in muon radiography using emulsion film detectors},
  author={Nishiyama, R and Miyamoto, S and Naganawa, N},
  journal={Geoscientific Instrumentation, Methods and Data Systems},
  volume={3},
  number={1},
  pages={29--39},
  year={2014},
  publisher={Copernicus GmbH}
}

@article{procureur2018muon,
  title={Muon imaging: Principles, technologies and applications},
  author={Procureur, S.},
  journal={Nuclear instruments \& methods in physics research section A: acelerators spectrometers detectors and asociated equipment},
  volume={878},
  pages={169--179},
  year={2018},
  publisher={ELSEVIER SCIENCE BV PO BOX 211, 1000 AE AMSTERDAM, NETHERLANDS}
}

@article{piatek2014measuring,
  title={Measuring the Electrical and Optical Properties of an MPPC},
  author={Piatek, S},
  journal={URl: http://www. hamamatsu. com/jp/en/community/silicon\_photomultipliers/tutorials/measuring\_mppc/index. html},
  year={2014}
}

@article{jourde2013experimental,
  title={Experimental detection of upward going cosmic particles and consequences for correction of density radiography of volcanoes},
  author={Jourde, K. and Gibert, D. and Marteau, J. and de Bremond d'Ars, J. and Gardien, S. and Girerd, C. and Ianigro, J-C and Carbone, D.},
  journal={Geophysical Research Letters},
  volume={40},
  number={24},
  pages={6334--6339},
  year={2013},
  publisher={Wiley Online Library}
}

@article{calderon2015geant4,
  title={Geant4 based simulation of the Water Cherenkov Detectors of the LAGO Project},
  author={Calder{\'o}n, R. and Asorey, H. and N{\'u}{\~n}ez, L.A. and LAGO Collaboration},
  journal={Nuclear and Particle Physics Proceedings},
  volume={267},
  pages={424--426},
  year={2015},
  publisher={Elsevier}
}
